timestamp,mid_price,spread,total_vol,wobi
2026-03-01 15:41:30.010,67234.96,0.01,5.0611,-0.8869
2026-03-01 15:41:30.107,67234.96,0.01,5.0611,-0.8869
2026-03-01 15:41:30.208,67234.96,0.01,5.0611,-0.8851
2026-03-01 15:41:30.307,67234.96,0.01,5.0448,-0.8864
2026-03-01 15:41:30.407,67234.96,0.01,4.9333,-0.8833
2026-03-01 15:41:30.506,67234.96,0.01,4.9333,-0.8833
2026-03-01 15:41:30.610,67234.96,0.01,5.0449,-0.8864
2026-03-01 15:41:30.707,67234.96,0.01,5.173,-0.8897
2026-03-01 15:41:30.807,67234.96,0.01,5.173,-0.8897
2026-03-01 15:41:30.932,67234.96,0.01,5.173,-0.8897
2026-03-01 15:41:31.007,67234.96,0.01,5.2743,-0.8466
2026-03-01 15:41:31.107,67234.96,0.01,5.0255,-0.8392
2026-03-01 15:41:31.206,67234.96,0.01,5.0255,-0.8421
2026-03-01 15:41:31.306,67234.96,0.01,5.1369,-0.8461
2026-03-01 15:41:31.421,67234.96,0.01,5.1369,-0.8461
2026-03-01 15:41:31.507,67234.96,0.01,5.1369,-0.8461
2026-03-01 15:41:31.606,67234.96,0.01,5.1369,-0.8461
2026-03-01 15:41:31.706,67234.96,0.01,5.1369,-0.8461
2026-03-01 15:41:31.807,67234.96,0.01,5.0254,-0.8422
2026-03-01 15:41:31.907,67234.96,0.01,5.0254,-0.8422
2026-03-01 15:41:32.006,67234.96,0.01,5.0254,-0.8422
2026-03-01 15:41:32.107,67234.96,0.01,5.0254,-0.8422
2026-03-01 15:41:32.207,67234.96,0.01,5.0247,-0.8425
2026-03-01 15:41:32.306,67234.96,0.01,5.0248,-0.8424
2026-03-01 15:41:32.408,67234.96,0.01,5.1363,-0.8464
2026-03-01 15:41:32.507,67234.96,0.01,5.035,-0.8896
2026-03-01 15:41:32.607,67234.96,0.01,5.035,-0.8896
2026-03-01 15:41:32.706,67234.96,0.01,5.0342,-0.8899
2026-03-01 15:41:32.806,67234.96,0.01,5.0342,-0.8899
2026-03-01 15:41:32.907,67234.96,0.01,5.0333,-0.8904
2026-03-01 15:41:33.007,67234.96,0.01,5.1346,-0.8471
2026-03-01 15:41:33.107,67234.96,0.01,5.1346,-0.8471
2026-03-01 15:41:33.207,67234.96,0.01,5.1346,-0.8471
2026-03-01 15:41:33.307,67234.96,0.01,5.1346,-0.8471
2026-03-01 15:41:33.407,67234.96,0.01,5.1343,-0.8472
2026-03-01 15:41:33.508,67234.96,0.01,5.1342,-0.8472
2026-03-01 15:41:33.606,67234.96,0.01,5.1342,-0.8472
2026-03-01 15:41:33.707,67234.96,0.01,5.1359,-0.8465
2026-03-01 15:41:33.807,67234.96,0.01,5.1359,-0.8465
2026-03-01 15:41:33.906,67234.96,0.01,5.1359,-0.8465
2026-03-01 15:41:34.006,67234.96,0.01,5.1358,-0.8465
2026-03-01 15:41:34.106,67234.96,0.01,5.1358,-0.8465
2026-03-01 15:41:34.207,67234.96,0.01,5.1358,-0.8465
2026-03-01 15:41:34.307,67234.96,0.01,5.1358,-0.8465
2026-03-01 15:41:34.406,67234.96,0.01,5.1358,-0.8465
2026-03-01 15:41:34.507,67234.96,0.01,5.1358,-0.8465
2026-03-01 15:41:34.607,67234.96,0.01,5.1209,-0.8462
2026-03-01 15:41:34.711,67234.96,0.01,5.2089,-0.9182
2026-03-01 15:41:34.807,67234.96,0.01,5.3102,-0.8736
2026-03-01 15:41:34.908,67234.96,0.01,5.3101,-0.8737
2026-03-01 15:41:35.007,67234.96,0.01,5.3101,-0.8737
2026-03-01 15:41:35.107,67234.96,0.01,5.3102,-0.8737
2026-03-01 15:41:35.207,67234.96,0.01,5.3102,-0.8737
2026-03-01 15:41:35.307,67234.96,0.01,5.2088,-0.9184
2026-03-01 15:41:35.408,67234.96,0.01,5.2237,-0.9187
2026-03-01 15:41:35.507,67234.96,0.01,5.202,-0.9248
2026-03-01 15:41:35.606,67234.96,0.01,5.2097,-0.9251
2026-03-01 15:41:35.706,67234.96,0.01,5.21,-0.925
2026-03-01 15:41:35.807,67234.96,0.01,5.2099,-0.925
2026-03-01 15:41:35.907,67234.96,0.01,5.1154,-0.9687
2026-03-01 15:41:36.007,67234.96,0.01,5.1154,-0.9687
2026-03-01 15:41:36.107,67234.96,0.01,5.1154,-0.9687
2026-03-01 15:41:36.206,67234.96,0.01,5.1154,-0.9687
2026-03-01 15:41:36.307,67234.96,0.01,5.1151,-0.9687
2026-03-01 15:41:36.408,67224.83,0.01,2.0191,-0.733
2026-03-01 15:41:36.507,67224.83,0.01,3.1791,-0.7957
2026-03-01 15:41:36.607,67224.83,0.01,2.9098,-0.7488
2026-03-01 15:41:36.707,67224.83,0.01,3.2033,-0.1895
2026-03-01 15:41:36.808,67224.83,0.01,3.2995,-0.1846
2026-03-01 15:41:36.908,67224.83,0.01,3.3004,-0.1843
2026-03-01 15:41:37.025,67224.83,0.01,3.2869,-0.18
2026-03-01 15:41:37.150,67224.83,0.01,3.2985,-0.175
2026-03-01 15:41:37.216,67224.83,0.01,3.2985,-0.175
2026-03-01 15:41:37.309,67224.83,0.01,3.3892,-0.1363
2026-03-01 15:41:37.407,67224.83,0.01,3.3892,-0.1363
2026-03-01 15:41:37.506,67224.83,0.01,3.2688,-0.0984
2026-03-01 15:41:37.608,67224.83,0.01,3.2687,-0.0984
2026-03-01 15:41:37.707,67224.83,0.01,3.4262,-0.1477
2026-03-01 15:41:37.806,67224.83,0.01,3.3123,-0.0811
2026-03-01 15:41:37.907,67224.83,0.01,3.1813,-0.0768
2026-03-01 15:41:38.006,67224.83,0.01,3.1807,-0.0766
2026-03-01 15:41:38.107,67224.83,0.01,3.1807,-0.0766
2026-03-01 15:41:38.207,67224.83,0.01,3.1807,-0.0766
2026-03-01 15:41:38.307,67224.83,0.01,3.1805,-0.0766
2026-03-01 15:41:38.407,67224.83,0.01,3.1805,-0.0766
2026-03-01 15:41:38.508,67224.83,0.01,3.1805,-0.0766
2026-03-01 15:41:38.607,67224.83,0.01,3.1797,-0.0769
2026-03-01 15:41:38.707,67224.83,0.01,3.1797,-0.0769
2026-03-01 15:41:38.807,67224.83,0.01,3.1717,-0.0742
2026-03-01 15:41:38.907,67224.83,0.01,3.1717,-0.0742
2026-03-01 15:41:39.007,67224.83,0.01,3.1717,-0.0742
2026-03-01 15:41:39.107,67224.83,0.01,3.1717,-0.0742
2026-03-01 15:41:39.206,67224.83,0.01,3.3293,-0.1244
2026-03-01 15:41:39.307,67224.83,0.01,3.3292,-0.1245
2026-03-01 15:41:39.407,67224.83,0.01,3.3292,-0.1245
2026-03-01 15:41:39.507,67224.83,0.01,3.3293,-0.1244
2026-03-01 15:41:39.607,67224.83,0.01,3.3293,-0.1244
2026-03-01 15:41:39.707,67224.83,0.01,3.3292,-0.1245
2026-03-01 15:41:39.807,67224.83,0.01,3.3292,-0.1245
2026-03-01 15:41:39.907,67224.83,0.01,3.3292,-0.1245
2026-03-01 15:41:40.007,67224.83,0.01,3.3292,-0.1245
2026-03-01 15:41:40.108,67224.83,0.01,3.3292,-0.1245
2026-03-01 15:41:40.208,67224.83,0.01,3.3065,-0.1176
2026-03-01 15:41:40.307,67224.83,0.01,3.3065,-0.1176
2026-03-01 15:41:40.410,67224.83,0.01,3.3065,-0.1176
2026-03-01 15:41:40.507,67224.83,0.01,3.3065,-0.1176
2026-03-01 15:41:40.607,67224.83,0.01,3.3065,-0.1176
2026-03-01 15:41:40.707,67224.83,0.01,3.3065,-0.1176
2026-03-01 15:41:40.806,67224.83,0.01,3.3066,-0.1175
2026-03-01 15:41:40.907,67224.83,0.01,3.3058,-0.1173
2026-03-01 15:41:41.007,67224.83,0.01,3.3058,-0.1173
2026-03-01 15:41:41.108,67224.83,0.01,3.3054,-0.1171
2026-03-01 15:41:41.208,67224.83,0.01,3.3463,-0.1015
2026-03-01 15:41:41.307,67224.83,0.01,3.3463,-0.1015
2026-03-01 15:41:41.411,67224.83,0.01,3.3462,-0.1015
2026-03-01 15:41:41.516,67224.83,0.01,3.1887,-0.0502
2026-03-01 15:41:41.658,67224.83,0.01,3.1887,-0.0502
2026-03-01 15:41:41.765,67224.83,0.01,3.1887,-0.0502
2026-03-01 15:41:41.839,67224.83,0.01,3.3776,0.0175
2026-03-01 15:41:41.913,67224.83,0.01,3.3775,0.0175
2026-03-01 15:41:42.008,67224.83,0.01,3.3775,0.0175
2026-03-01 15:41:42.107,67224.83,0.01,3.3775,0.0175
2026-03-01 15:41:42.208,67224.83,0.01,3.3775,0.0175
2026-03-01 15:41:42.307,67224.83,0.01,3.6477,-0.0665
2026-03-01 15:41:42.406,67224.83,0.01,3.5362,-0.0331
2026-03-01 15:41:42.521,67224.83,0.01,3.5357,-0.0332
2026-03-01 15:41:42.607,67224.83,0.01,3.5357,-0.0332
2026-03-01 15:41:42.707,67224.83,0.01,3.6554,-0.0196
2026-03-01 15:41:42.809,67224.83,0.01,3.6557,-0.0197
2026-03-01 15:41:42.907,67224.83,0.01,3.6543,-0.0192
2026-03-01 15:41:43.006,67224.83,0.01,3.6556,-0.0189
2026-03-01 15:41:43.108,67224.83,0.01,3.3786,0.0475
2026-03-01 15:41:43.207,67224.83,0.01,3.3786,0.0192
2026-03-01 15:41:43.307,67224.83,0.01,3.3783,0.0193
2026-03-01 15:41:43.407,67224.83,0.01,3.3793,0.019
2026-03-01 15:41:43.507,67224.83,0.01,3.5364,-0.0325
2026-03-01 15:41:43.607,67224.83,0.01,3.5364,-0.0325
2026-03-01 15:41:43.707,67224.83,0.01,3.379,0.0191
2026-03-01 15:41:43.807,67224.83,0.01,3.379,0.0191
2026-03-01 15:41:43.907,67224.83,0.01,3.379,0.0191
2026-03-01 15:41:44.007,67224.83,0.01,3.3776,0.0196
2026-03-01 15:41:44.106,67224.83,0.01,3.3776,0.0196
2026-03-01 15:41:44.207,67224.83,0.01,3.3776,0.0196
2026-03-01 15:41:44.307,67224.83,0.01,3.3156,0.0415
2026-03-01 15:41:44.407,67224.83,0.01,3.0388,0.1548
2026-03-01 15:41:44.507,67224.83,0.01,3.0388,0.1548
2026-03-01 15:41:44.607,67224.83,0.01,3.0388,0.1548
2026-03-01 15:41:44.707,67224.83,0.01,3.0387,0.1548
2026-03-01 15:41:44.808,67224.83,0.01,3.2949,0.0521
2026-03-01 15:41:44.907,67224.83,0.01,3.3292,-0.1142
2026-03-01 15:41:45.007,67224.83,0.01,3.3292,-0.1142
2026-03-01 15:41:45.107,67224.83,0.01,3.3213,-0.1172
2026-03-01 15:41:45.208,67224.83,0.01,3.3213,-0.1172
2026-03-01 15:41:45.307,67224.83,0.01,3.1193,-0.0513
2026-03-01 15:41:45.407,67224.83,0.01,3.1195,-0.0512
2026-03-01 15:41:45.508,67224.83,0.01,3.1195,-0.0512
2026-03-01 15:41:45.607,67224.83,0.01,3.1195,-0.0512
2026-03-01 15:41:45.707,67224.83,0.01,3.1195,-0.0512
2026-03-01 15:41:45.808,67224.83,0.01,3.1195,-0.0512
2026-03-01 15:41:45.906,67224.83,0.01,3.277,-0.1034
2026-03-01 15:41:46.006,67224.83,0.01,3.277,-0.1034
2026-03-01 15:41:46.107,67224.83,0.01,3.277,-0.1034
2026-03-01 15:41:46.206,67224.83,0.01,3.277,-0.1034
2026-03-01 15:41:46.307,67224.83,0.01,3.2767,-0.1035
2026-03-01 15:41:46.409,67224.83,0.01,3.2767,-0.1035
2026-03-01 15:41:46.517,67224.83,0.01,3.2767,-0.1035
2026-03-01 15:41:46.607,67224.83,0.01,3.2767,-0.1035
2026-03-01 15:41:46.706,67224.83,0.01,3.2659,-0.1002
2026-03-01 15:41:46.807,67224.83,0.01,3.2364,-0.1117
2026-03-01 15:41:46.907,67224.83,0.01,3.2364,-0.1117
2026-03-01 15:41:47.007,67224.83,0.01,3.2364,-0.1117
2026-03-01 15:41:47.107,67224.83,0.01,3.2364,-0.1117
2026-03-01 15:41:47.207,67224.83,0.01,3.2364,-0.1117
2026-03-01 15:41:47.307,67224.83,0.01,3.2364,-0.1117
2026-03-01 15:41:47.407,67224.83,0.01,3.2364,-0.1117
2026-03-01 15:41:47.507,67224.83,0.01,3.2364,-0.1117
2026-03-01 15:41:47.608,67224.83,0.01,3.2356,-0.1115
2026-03-01 15:41:47.707,67224.83,0.01,3.2356,-0.1115
2026-03-01 15:41:47.807,67224.83,0.01,3.2208,-0.1067
2026-03-01 15:41:47.907,67224.83,0.01,3.2208,-0.1067
2026-03-01 15:41:48.007,67224.83,0.01,3.2208,-0.1067
2026-03-01 15:41:48.107,67224.83,0.01,3.2208,-0.1067
2026-03-01 15:41:48.207,67224.83,0.01,3.2478,-0.1749
2026-03-01 15:41:48.307,67224.83,0.01,3.2386,-0.1773
2026-03-01 15:41:48.407,67224.83,0.01,3.2386,-0.1773
2026-03-01 15:41:48.507,67224.83,0.01,3.3729,-0.1932
2026-03-01 15:41:48.607,67224.83,0.01,3.3732,-0.1932
2026-03-01 15:41:48.706,67224.83,0.01,2.822,-0.4752
2026-03-01 15:41:48.848,67224.83,0.01,2.6302,-0.6084
2026-03-01 15:41:48.932,67224.83,0.01,2.7812,-0.5458
2026-03-01 15:41:49.007,67224.83,0.01,2.7813,-0.5458
2026-03-01 15:41:49.110,67224.83,0.01,2.7813,-0.5458
2026-03-01 15:41:49.207,67224.83,0.01,2.7813,-0.5458
2026-03-01 15:41:49.307,67224.83,0.01,2.6615,-0.5339
2026-03-01 15:41:49.408,67224.83,0.01,2.9222,-0.5659
2026-03-01 15:41:49.507,67224.83,0.01,2.9222,-0.5659
2026-03-01 15:41:49.608,67224.83,0.01,2.9222,-0.5659
2026-03-01 15:41:49.707,67224.83,0.01,2.6223,-0.9894
2026-03-01 15:41:49.807,67224.83,0.01,3.165,-0.992
2026-03-01 15:41:49.909,67224.83,0.01,3.3612,-0.9927
2026-03-01 15:41:50.009,67224.83,0.01,3.3612,-0.9918
2026-03-01 15:41:50.109,67224.83,0.01,3.3681,-0.9865
2026-03-01 15:41:50.272,67224.83,0.01,3.069,-0.9875
2026-03-01 15:41:50.343,67224.83,0.01,2.4297,-0.8802
2026-03-01 15:41:50.419,67224.83,0.01,2.4395,-0.8845
2026-03-01 15:41:50.506,67224.83,0.01,3.2813,-0.9112
2026-03-01 15:41:50.607,67224.83,0.01,3.2814,-0.9112
2026-03-01 15:41:50.707,67224.83,0.01,3.2814,-0.9112
2026-03-01 15:41:50.806,67224.83,0.01,3.3153,-0.8869
2026-03-01 15:41:50.907,67224.83,0.01,3.3153,-0.8869
2026-03-01 15:41:51.006,67224.83,0.01,3.3153,-0.8869
2026-03-01 15:41:51.107,67224.83,0.01,3.3153,-0.8869
2026-03-01 15:41:51.207,67224.83,0.01,3.3153,-0.8869
2026-03-01 15:41:51.308,67224.83,0.01,3.3388,-0.2233
2026-03-01 15:41:51.407,67224.83,0.01,2.6265,0.2872
2026-03-01 15:41:51.507,67224.83,0.01,2.4178,0.4075
2026-03-01 15:41:51.608,67224.83,0.01,2.4176,0.4085
2026-03-01 15:41:51.707,67224.83,0.01,2.4508,0.4061
2026-03-01 15:41:51.807,67224.83,0.01,2.4174,0.4078
2026-03-01 15:41:51.907,67224.83,0.01,2.418,0.4075
2026-03-01 15:41:52.007,67224.83,0.01,2.418,0.4075
2026-03-01 15:41:52.108,67224.83,0.01,2.3891,0.4265
2026-03-01 15:41:52.207,67224.83,0.01,2.3791,0.4332
2026-03-01 15:41:52.308,67224.83,0.01,2.379,0.4332
2026-03-01 15:41:52.407,67224.83,0.01,2.3785,0.4335
2026-03-01 15:41:52.507,67224.83,0.01,2.4869,0.4605
2026-03-01 15:41:52.607,67224.83,0.01,2.4509,0.4843
2026-03-01 15:41:52.708,67224.83,0.01,2.4504,0.4847
2026-03-01 15:41:52.806,67224.83,0.01,2.4509,0.4843
2026-03-01 15:41:52.907,67224.83,0.01,2.45,0.4841
2026-03-01 15:41:53.007,67224.83,0.01,2.9964,0.2223
2026-03-01 15:41:53.108,67224.83,0.01,2.9671,0.2015
2026-03-01 15:41:53.206,67224.83,0.01,2.8094,0.2755
2026-03-01 15:41:53.307,67224.83,0.01,2.8094,0.2755
2026-03-01 15:41:53.407,67224.83,0.01,2.8094,0.2755
2026-03-01 15:41:53.506,67224.83,0.01,2.8075,0.2764
2026-03-01 15:41:53.607,67224.83,0.01,2.8075,0.2764
2026-03-01 15:41:53.707,67220.85,0.01,9.6847,-0.997
2026-03-01 15:41:53.807,67220.85,0.01,2.9397,-0.9962
2026-03-01 15:41:53.907,67220.85,0.01,4.475,-0.9967
2026-03-01 15:41:54.008,67220.85,0.01,4.4718,-0.9985
2026-03-01 15:41:54.107,67220.85,0.01,4.5035,-0.9986
2026-03-01 15:41:54.208,67220.85,0.01,3.4238,-0.9987
2026-03-01 15:41:54.308,67220.85,0.01,3.4244,-0.9986
2026-03-01 15:41:54.407,67220.85,0.01,3.0992,-0.9042
2026-03-01 15:41:54.508,67220.85,0.01,2.3772,-0.9007
2026-03-01 15:41:54.607,67220.85,0.01,2.3003,-0.8669
2026-03-01 15:41:54.707,67220.85,0.01,2.4581,-0.8496
2026-03-01 15:41:54.807,67220.85,0.01,2.8332,-0.5241
2026-03-01 15:41:54.907,67220.85,0.01,2.8355,-0.5258
2026-03-01 15:41:55.007,67220.85,0.01,2.8355,-0.5258
2026-03-01 15:41:55.107,67220.85,0.01,2.6117,-0.6574
2026-03-01 15:41:55.206,67220.85,0.01,2.6143,-0.6578
2026-03-01 15:41:55.308,67220.85,0.01,2.6143,-0.6578
2026-03-01 15:41:55.407,67220.85,0.01,2.6143,-0.6578
2026-03-01 15:41:55.536,67220.85,0.01,2.6143,-0.6578
2026-03-01 15:41:55.609,67220.85,0.01,2.6143,-0.6578
2026-03-01 15:41:55.706,67220.85,0.01,2.614,-0.658
2026-03-01 15:41:55.806,67220.85,0.01,2.614,-0.658
2026-03-01 15:41:55.908,67220.85,0.01,2.614,-0.658
2026-03-01 15:41:56.007,67220.85,0.01,2.6138,-0.658
2026-03-01 15:41:56.107,67220.85,0.01,2.6134,-0.6579
2026-03-01 15:41:56.207,67220.85,0.01,2.6134,-0.6579
2026-03-01 15:41:56.308,67220.85,0.01,2.6134,-0.6579
2026-03-01 15:41:56.407,67220.85,0.01,2.6134,-0.6579
2026-03-01 15:41:56.507,67220.85,0.01,2.6059,-0.6569
2026-03-01 15:41:56.608,67220.85,0.01,2.6059,-0.6569
2026-03-01 15:41:56.707,67220.85,0.01,2.6059,-0.6569
2026-03-01 15:41:56.806,67220.85,0.01,2.6059,-0.6569
2026-03-01 15:41:56.907,67220.85,0.01,2.6031,-0.6579
2026-03-01 15:41:57.018,67220.85,0.01,2.6031,-0.6579
2026-03-01 15:41:57.107,67220.85,0.01,2.7606,-0.5625
2026-03-01 15:41:57.207,67220.85,0.01,2.6086,-0.6583
2026-03-01 15:41:57.307,67220.85,0.01,2.5559,-0.6513
2026-03-01 15:41:57.407,67220.85,0.01,2.5562,-0.6511
2026-03-01 15:41:57.508,67220.85,0.01,2.5563,-0.651
2026-03-01 15:41:57.607,67220.85,0.01,2.5563,-0.651
2026-03-01 15:41:57.707,67220.85,0.01,2.5471,-0.657
2026-03-01 15:41:57.807,67220.85,0.01,2.5471,-0.657
2026-03-01 15:41:57.907,67220.85,0.01,2.5469,-0.657
2026-03-01 15:41:58.007,67220.85,0.01,2.6372,-0.6689
2026-03-01 15:41:58.107,67220.85,0.01,2.8754,-0.4453
2026-03-01 15:41:58.206,67220.85,0.01,2.9045,-0.2604
2026-03-01 15:41:58.308,67220.85,0.01,2.9032,-0.265
2026-03-01 15:41:58.407,67220.85,0.01,2.9032,-0.265
2026-03-01 15:41:58.507,67220.85,0.01,2.903,-0.265
2026-03-01 15:41:58.609,67220.85,0.01,2.903,-0.265
2026-03-01 15:41:58.709,67220.85,0.01,2.903,-0.265
2026-03-01 15:41:58.807,67220.85,0.01,2.903,-0.265
2026-03-01 15:41:58.917,67220.85,0.01,2.9106,-0.2669
2026-03-01 15:41:59.008,67220.85,0.01,2.9104,-0.2669
2026-03-01 15:41:59.107,67220.85,0.01,2.9104,-0.2669
2026-03-01 15:41:59.208,67220.85,0.01,2.9104,-0.2669
2026-03-01 15:41:59.308,67220.85,0.01,2.9104,-0.2669
2026-03-01 15:41:59.410,67220.85,0.01,2.9322,-0.2679
2026-03-01 15:41:59.507,67220.85,0.01,2.9326,-0.2678
2026-03-01 15:41:59.608,67220.85,0.01,2.9329,-0.273
2026-03-01 15:41:59.711,67220.85,0.01,2.9327,-0.2731
2026-03-01 15:41:59.808,67220.85,0.01,2.9327,-0.2731
2026-03-01 15:41:59.907,67220.85,0.01,2.9327,-0.2731
2026-03-01 15:42:00.007,67220.85,0.01,2.9291,-0.2747
2026-03-01 15:42:00.107,67220.85,0.01,2.9291,-0.2747
2026-03-01 15:42:00.208,67220.85,0.01,2.9291,-0.2747
2026-03-01 15:42:00.307,67220.85,0.01,2.8842,-0.2653
2026-03-01 15:42:00.408,67220.85,0.01,2.884,-0.2654
2026-03-01 15:42:00.508,67220.85,0.01,2.884,-0.2654
2026-03-01 15:42:00.607,67220.85,0.01,2.884,-0.2654
2026-03-01 15:42:00.707,67220.85,0.01,2.8706,-0.2618
2026-03-01 15:42:00.807,67220.85,0.01,2.8706,-0.2618
2026-03-01 15:42:00.910,67220.85,0.01,2.8706,-0.2618
2026-03-01 15:42:01.007,67220.85,0.01,2.9794,-0.1599
2026-03-01 15:42:01.107,67220.85,0.01,2.548,0.022
2026-03-01 15:42:01.207,67220.85,0.01,2.4556,-0.1276
2026-03-01 15:42:01.308,67220.85,0.01,2.4849,-0.1383
2026-03-01 15:42:01.408,67220.85,0.01,2.5928,-0.1421
2026-03-01 15:42:01.507,67220.85,0.01,2.5869,-0.145
2026-03-01 15:42:01.607,67220.85,0.01,2.5462,-0.1648
2026-03-01 15:42:01.707,67220.85,0.01,2.5462,-0.1648
2026-03-01 15:42:01.807,67220.85,0.01,2.5462,-0.1648
2026-03-01 15:42:01.907,67220.85,0.01,2.5526,-0.167
2026-03-01 15:42:02.008,67220.85,0.01,2.5526,-0.167
2026-03-01 15:42:02.107,67220.85,0.01,2.5526,-0.167
2026-03-01 15:42:02.235,67220.85,0.01,2.5526,-0.167
2026-03-01 15:42:02.307,67220.85,0.01,2.5526,-0.167
2026-03-01 15:42:02.410,67220.85,0.01,2.5517,-0.1667
2026-03-01 15:42:02.506,67220.85,0.01,2.5517,-0.1667
2026-03-01 15:42:02.611,67220.85,0.01,2.5517,-0.1667
2026-03-01 15:42:02.707,67220.85,0.01,2.5519,-0.1666
2026-03-01 15:42:02.807,67220.85,0.01,2.5519,-0.1666
2026-03-01 15:42:02.908,67220.85,0.01,2.5519,-0.1666
2026-03-01 15:42:03.007,67220.85,0.01,2.5518,-0.1667
2026-03-01 15:42:03.108,67220.85,0.01,2.5637,-0.1708
2026-03-01 15:42:03.207,67220.85,0.01,2.5637,-0.1708
2026-03-01 15:42:03.307,67220.85,0.01,2.2662,-0.3379
2026-03-01 15:42:03.407,67220.85,0.01,2.4234,-0.2437
2026-03-01 15:42:03.509,67220.85,0.01,2.4171,-0.2499
2026-03-01 15:42:03.609,67220.85,0.01,2.4171,-0.2499
2026-03-01 15:42:03.707,67220.85,0.01,2.4171,-0.2499
2026-03-01 15:42:03.808,67220.85,0.01,2.4171,-0.2499
2026-03-01 15:42:03.907,67220.85,0.01,2.4169,-0.25
2026-03-01 15:42:04.007,67220.85,0.01,2.4169,-0.25
2026-03-01 15:42:04.109,67220.85,0.01,2.4167,-0.2501
2026-03-01 15:42:04.207,67220.85,0.01,2.2347,-0.2818
2026-03-01 15:42:04.308,67220.85,0.01,2.183,-0.2707
2026-03-01 15:42:04.412,67220.85,0.01,2.2909,-0.306
2026-03-01 15:42:04.507,67220.85,0.01,2.1334,-0.4052
2026-03-01 15:42:04.607,67220.85,0.01,1.8035,-0.8719
2026-03-01 15:42:04.708,67220.85,0.01,1.8979,-0.7789
2026-03-01 15:42:04.807,67220.85,0.01,1.9,-0.7791
2026-03-01 15:42:04.907,67220.85,0.01,1.9,-0.7791
2026-03-01 15:42:05.006,67220.85,0.01,1.7921,-0.822
2026-03-01 15:42:05.107,67220.85,0.01,1.7919,-0.822
2026-03-01 15:42:05.208,67220.85,0.01,1.7918,-0.8221
2026-03-01 15:42:05.308,67220.85,0.01,1.7918,-0.8221
2026-03-01 15:42:05.407,67220.85,0.01,1.7918,-0.8221
2026-03-01 15:42:05.507,67220.85,0.01,1.7918,-0.8221
2026-03-01 15:42:05.608,67220.85,0.01,1.6905,-0.9316
2026-03-01 15:42:05.708,67220.85,0.01,1.6905,-0.9317
2026-03-01 15:42:05.806,67220.85,0.01,1.6905,-0.9317
2026-03-01 15:42:05.907,67220.85,0.01,1.6905,-0.9318
2026-03-01 15:42:06.007,67220.85,0.01,1.6905,-0.9318
2026-03-01 15:42:06.107,67220.85,0.01,1.6905,-0.9318
2026-03-01 15:42:06.207,67220.85,0.01,1.6906,-0.9316
2026-03-01 15:42:06.307,67220.85,0.01,1.6906,-0.9316
2026-03-01 15:42:06.407,67220.85,0.01,1.6903,-0.9318
2026-03-01 15:42:06.507,67220.85,0.01,1.6903,-0.9318
2026-03-01 15:42:06.607,67220.85,0.01,1.782,-0.8153
2026-03-01 15:42:06.707,67220.85,0.01,1.8155,-0.7818
2026-03-01 15:42:06.807,67220.85,0.01,1.8303,-0.7835
2026-03-01 15:42:06.907,67220.85,0.01,1.8302,-0.7835
2026-03-01 15:42:07.007,67220.85,0.01,1.8302,-0.7835
2026-03-01 15:42:07.108,67220.85,0.01,1.8302,-0.7835
2026-03-01 15:42:07.207,67220.85,0.01,1.8302,-0.7835
2026-03-01 15:42:07.308,67220.85,0.01,1.8302,-0.7835
2026-03-01 15:42:07.415,67220.85,0.01,1.8302,-0.7835
2026-03-01 15:42:07.507,67220.85,0.01,1.8302,-0.7835
2026-03-01 15:42:07.607,67220.85,0.01,1.8298,-0.784
2026-03-01 15:42:07.707,67220.85,0.01,1.8298,-0.784
2026-03-01 15:42:07.806,67220.85,0.01,1.8298,-0.784
2026-03-01 15:42:07.907,67220.85,0.01,1.8298,-0.784
2026-03-01 15:42:08.006,67220.85,0.01,1.8298,-0.784
2026-03-01 15:42:08.107,67220.85,0.01,1.7968,-0.8169
2026-03-01 15:42:08.206,67220.85,0.01,1.7968,-0.8169
2026-03-01 15:42:08.307,67220.85,0.01,1.791,-0.8226
2026-03-01 15:42:08.409,67220.85,0.01,1.7938,-0.8228
2026-03-01 15:42:08.508,67220.85,0.01,1.7938,-0.8228
2026-03-01 15:42:08.608,67220.85,0.01,1.7938,-0.8228
2026-03-01 15:42:08.707,67220.85,0.01,1.7874,-0.8222
2026-03-01 15:42:08.806,67220.85,0.01,1.7876,-0.8221
2026-03-01 15:42:08.908,67220.85,0.01,1.7876,-0.8221
2026-03-01 15:42:09.007,67220.85,0.01,1.7955,-0.823
2026-03-01 15:42:09.107,67220.85,0.01,1.7955,-0.823
2026-03-01 15:42:09.207,67220.85,0.01,1.6998,-0.9346
2026-03-01 15:42:09.307,67220.85,0.01,1.699,-0.935
2026-03-01 15:42:09.407,67220.85,0.01,1.6989,-0.9352
2026-03-01 15:42:09.507,67220.85,0.01,1.6989,-0.9351
2026-03-01 15:42:09.607,67220.85,0.01,1.6989,-0.9352
2026-03-01 15:42:09.708,67220.85,0.01,1.7008,-0.9353
2026-03-01 15:42:09.807,67220.85,0.01,1.6989,-0.9352
2026-03-01 15:42:09.906,67220.85,0.01,1.6989,-0.9352
2026-03-01 15:42:10.007,67220.85,0.01,1.6989,-0.9352
2026-03-01 15:42:10.106,67220.85,0.01,1.6989,-0.9352
2026-03-01 15:42:10.268,67220.85,0.01,1.6064,-0.9313
2026-03-01 15:42:10.335,67220.85,0.01,1.796,-0.8191
2026-03-01 15:42:10.407,67220.85,0.01,2.2289,-0.8688
2026-03-01 15:42:10.509,67220.85,0.01,2.2289,-0.8688
2026-03-01 15:42:10.607,67220.85,0.01,2.2289,-0.8688
2026-03-01 15:42:10.707,67220.85,0.01,2.229,-0.8687
2026-03-01 15:42:10.807,67220.85,0.01,2.2315,-0.8736
2026-03-01 15:42:10.907,67220.85,0.01,2.2311,-0.8738
2026-03-01 15:42:11.007,67220.85,0.01,2.231,-0.8737
2026-03-01 15:42:11.107,67220.85,0.01,2.1299,-0.9631
2026-03-01 15:42:11.207,67220.85,0.01,2.1298,-0.9632
2026-03-01 15:42:11.307,67220.85,0.01,2.1299,-0.9632
2026-03-01 15:42:11.407,67220.85,0.01,2.1299,-0.9632
2026-03-01 15:42:11.509,67220.85,0.01,2.1299,-0.9632
2026-03-01 15:42:11.608,67220.85,0.01,2.1299,-0.9632
2026-03-01 15:42:11.707,67220.85,0.01,2.1299,-0.9632
2026-03-01 15:42:11.808,67220.85,0.01,2.1299,-0.9632
2026-03-01 15:42:11.909,67220.85,0.01,2.1299,-0.9632
2026-03-01 15:42:12.006,67220.85,0.01,2.1299,-0.9632
2026-03-01 15:42:12.107,67220.85,0.01,2.1299,-0.9632
2026-03-01 15:42:12.206,67220.85,0.01,2.1299,-0.9632
2026-03-01 15:42:12.307,67220.85,0.01,2.2312,-0.8735
2026-03-01 15:42:12.408,67220.85,0.01,2.2311,-0.8736
2026-03-01 15:42:12.507,67220.85,0.01,2.2311,-0.8736
2026-03-01 15:42:12.608,67220.85,0.01,2.2311,-0.8736
2026-03-01 15:42:12.707,67220.85,0.01,2.2311,-0.8736
2026-03-01 15:42:12.807,67220.85,0.01,2.231,-0.8735
2026-03-01 15:42:12.907,67220.85,0.01,2.231,-0.8735
2026-03-01 15:42:13.007,67220.85,0.01,2.231,-0.8735
2026-03-01 15:42:13.107,67220.85,0.01,2.231,-0.8735
2026-03-01 15:42:13.208,67220.85,0.01,2.231,-0.8735
2026-03-01 15:42:13.307,67220.85,0.01,2.2308,-0.8735
2026-03-01 15:42:13.407,67220.85,0.01,2.2308,-0.8735
2026-03-01 15:42:13.507,67220.85,0.01,2.231,-0.8735
2026-03-01 15:42:13.608,67220.85,0.01,2.231,-0.8735
2026-03-01 15:42:13.708,67220.85,0.01,2.2305,-0.8738
2026-03-01 15:42:13.807,67220.85,0.01,2.2377,-0.8747
2026-03-01 15:42:13.907,67220.85,0.01,2.2378,-0.8747
2026-03-01 15:42:14.007,67220.85,0.01,2.2377,-0.8748
2026-03-01 15:42:14.107,67220.85,0.01,2.2377,-0.8748
2026-03-01 15:42:14.206,67220.85,0.01,2.2383,-0.8745
2026-03-01 15:42:14.307,67220.85,0.01,2.2381,-0.8744
2026-03-01 15:42:14.408,67220.85,0.01,2.2381,-0.8744
2026-03-01 15:42:14.507,67220.85,0.01,2.2381,-0.8744
2026-03-01 15:42:14.606,67220.85,0.01,2.2381,-0.8744
2026-03-01 15:42:15.014,67220.85,0.01,2.2381,-0.8744
2026-03-01 15:42:15.015,67220.85,0.01,2.2381,-0.8744
2026-03-01 15:42:15.015,67220.85,0.01,2.2377,-0.8744
2026-03-01 15:42:15.041,67220.85,0.01,2.1343,-0.9658
2026-03-01 15:42:15.124,67218.6,0.01,5.0672,-0.8531
2026-03-01 15:42:15.207,67218.6,0.01,4.7233,-0.8537
2026-03-01 15:42:15.310,67218.6,0.01,4.632,-0.9916
2026-03-01 15:42:15.407,67218.6,0.01,4.3346,-0.9917
2026-03-01 15:42:15.507,67218.6,0.01,4.339,-0.9917
2026-03-01 15:42:15.607,67218.6,0.01,4.3392,-0.9914
2026-03-01 15:42:15.708,67218.6,0.01,4.3304,-0.992
2026-03-01 15:42:15.807,67218.6,0.01,4.4319,-0.9334
2026-03-01 15:42:15.907,67218.6,0.01,4.4319,-0.9334
2026-03-01 15:42:16.007,67218.6,0.01,4.4384,-0.9297
2026-03-01 15:42:16.108,67218.6,0.01,3.9894,-0.9289
2026-03-01 15:42:16.207,67218.6,0.01,3.7806,-0.9286
2026-03-01 15:42:16.307,67218.6,0.01,3.7886,-0.9289
2026-03-01 15:42:16.409,67218.6,0.01,3.7886,-0.9289
2026-03-01 15:42:16.508,67218.6,0.01,4.2304,-0.9357
2026-03-01 15:42:16.610,67218.6,0.01,4.2291,-0.9363
2026-03-01 15:42:16.707,67218.6,0.01,4.2291,-0.9363
2026-03-01 15:42:16.808,67218.6,0.01,4.2291,-0.9363
2026-03-01 15:42:16.909,67218.6,0.01,4.2291,-0.9363
2026-03-01 15:42:17.008,67218.6,0.01,4.2286,-0.9359
2026-03-01 15:42:17.107,67218.6,0.01,4.3368,-0.8823
2026-03-01 15:42:17.207,67218.6,0.01,4.3219,-0.8823
2026-03-01 15:42:17.307,67218.6,0.01,4.3216,-0.8823
2026-03-01 15:42:17.407,67218.6,0.01,4.3216,-0.8823
2026-03-01 15:42:17.507,67218.6,0.01,4.3216,-0.8823
2026-03-01 15:42:17.606,67218.6,0.01,4.3214,-0.8823
2026-03-01 15:42:17.707,67218.6,0.01,4.3212,-0.8823
2026-03-01 15:42:17.807,67218.6,0.01,4.3212,-0.8823
2026-03-01 15:42:17.907,67218.6,0.01,4.3212,-0.8823
2026-03-01 15:42:18.007,67218.6,0.01,4.3212,-0.8823
2026-03-01 15:42:18.107,67218.6,0.01,4.3212,-0.8823
2026-03-01 15:42:18.208,67218.6,0.01,4.3198,-0.8829
2026-03-01 15:42:18.307,67218.6,0.01,4.3198,-0.8829
2026-03-01 15:42:18.407,67218.6,0.01,4.3346,-0.8834
2026-03-01 15:42:18.507,67218.6,0.01,4.3346,-0.8834
2026-03-01 15:42:18.609,67218.6,0.01,4.3346,-0.8834
2026-03-01 15:42:18.707,67218.6,0.01,4.3345,-0.8833
2026-03-01 15:42:18.807,67218.6,0.01,4.3333,-0.8839
2026-03-01 15:42:18.907,67218.6,0.01,4.3333,-0.8839
2026-03-01 15:42:19.008,67218.6,0.01,4.3333,-0.8839
2026-03-01 15:42:19.109,67218.6,0.01,4.3333,-0.8839
2026-03-01 15:42:19.210,67218.6,0.01,4.3333,-0.8839
2026-03-01 15:42:19.307,67218.6,0.01,4.3333,-0.8839
2026-03-01 15:42:19.407,67218.6,0.01,4.3333,-0.8839
2026-03-01 15:42:19.507,67218.6,0.01,4.3333,-0.8839
2026-03-01 15:42:19.608,67218.6,0.01,4.3331,-0.8839
2026-03-01 15:42:19.715,67218.6,0.01,4.3331,-0.8839
2026-03-01 15:42:19.807,67218.6,0.01,4.3331,-0.8839
2026-03-01 15:42:19.908,67218.6,0.01,4.3331,-0.8839
2026-03-01 15:42:20.008,67218.6,0.01,4.3331,-0.8839
2026-03-01 15:42:20.107,67218.6,0.01,4.3331,-0.8839
2026-03-01 15:42:20.206,67218.6,0.01,4.3331,-0.8839
2026-03-01 15:42:20.308,67218.6,0.01,4.3037,-0.883
2026-03-01 15:42:20.407,67218.6,0.01,4.3037,-0.883
2026-03-01 15:42:20.508,67218.6,0.01,4.3037,-0.883
2026-03-01 15:42:20.611,67218.6,0.01,4.3032,-0.8833
2026-03-01 15:42:20.708,67218.6,0.01,4.3032,-0.8833
2026-03-01 15:42:20.806,67218.6,0.01,4.3032,-0.8833
2026-03-01 15:42:20.907,67218.6,0.01,4.3032,-0.8833
2026-03-01 15:42:21.007,67218.6,0.01,4.3032,-0.8833
2026-03-01 15:42:21.108,67218.6,0.01,4.3032,-0.8833
2026-03-01 15:42:21.207,67218.6,0.01,4.3031,-0.8833
2026-03-01 15:42:21.307,67218.6,0.01,4.3029,-0.8833
2026-03-01 15:42:21.408,67218.6,0.01,4.3029,-0.8833
2026-03-01 15:42:21.507,67218.6,0.01,4.3029,-0.8833
2026-03-01 15:42:21.607,67211.74,0.01,3.9834,-0.6676
2026-03-01 15:42:21.709,67211.74,0.01,3.7733,-0.5248
2026-03-01 15:42:21.807,67211.74,0.01,4.3197,-0.3552
2026-03-01 15:42:21.907,67211.74,0.01,3.8493,-0.3727
2026-03-01 15:42:22.007,67211.74,0.01,3.8493,-0.3729
2026-03-01 15:42:22.107,67211.74,0.01,3.8494,-0.3728
2026-03-01 15:42:22.206,67211.74,0.01,3.8498,-0.3727
2026-03-01 15:42:22.309,67211.74,0.01,3.8498,-0.3727
2026-03-01 15:42:22.407,67211.74,0.01,3.8498,-0.3727
2026-03-01 15:42:22.511,67211.74,0.01,3.8496,-0.3727
2026-03-01 15:42:22.607,67211.74,0.01,3.8496,-0.3727
2026-03-01 15:42:22.707,67211.74,0.01,3.8496,-0.3727
2026-03-01 15:42:22.807,67211.74,0.01,4.007,-0.3104
2026-03-01 15:42:22.910,67211.74,0.01,4.007,-0.3104
2026-03-01 15:42:23.007,67211.74,0.01,4.0451,-0.2632
2026-03-01 15:42:23.107,67211.74,0.01,4.0451,-0.2632
2026-03-01 15:42:23.207,67211.74,0.01,4.0477,-0.2637
2026-03-01 15:42:23.307,67211.74,0.01,4.0477,-0.2637
2026-03-01 15:42:23.408,67211.74,0.01,4.0477,-0.2637
2026-03-01 15:42:23.507,67211.74,0.01,4.0477,-0.2637
2026-03-01 15:42:23.608,67211.74,0.01,4.0477,-0.2637
2026-03-01 15:42:23.707,67211.74,0.01,4.0477,-0.2637
2026-03-01 15:42:23.807,67211.74,0.01,3.9572,-0.2491
2026-03-01 15:42:23.907,67211.74,0.01,4.0483,-0.2686
2026-03-01 15:42:24.013,67211.74,0.01,4.0483,-0.2686
2026-03-01 15:42:24.108,67211.74,0.01,3.7205,-0.3777
2026-03-01 15:42:24.206,67211.74,0.01,3.8279,-0.3341
2026-03-01 15:42:24.307,67211.74,0.01,3.8278,-0.3341
2026-03-01 15:42:24.407,67211.74,0.01,3.8278,-0.3341
2026-03-01 15:42:24.506,67211.74,0.01,3.8278,-0.3341
2026-03-01 15:42:24.607,67211.74,0.01,3.8278,-0.3341
2026-03-01 15:42:24.708,67211.74,0.01,3.8278,-0.3341
2026-03-01 15:42:24.807,67211.74,0.01,3.7682,-0.3647
2026-03-01 15:42:24.912,67211.74,0.01,3.7679,-0.3647
2026-03-01 15:42:25.007,67211.74,0.01,3.7715,-0.3645
2026-03-01 15:42:25.107,67211.74,0.01,3.7798,-0.3641
2026-03-01 15:42:25.209,67211.74,0.01,3.7798,-0.3641
2026-03-01 15:42:25.311,67211.74,0.01,3.7796,-0.3641
2026-03-01 15:42:25.408,67211.74,0.01,3.8067,-0.356
2026-03-01 15:42:25.507,67211.74,0.01,3.8066,-0.3574
2026-03-01 15:42:25.608,67211.74,0.01,3.8066,-0.3574
2026-03-01 15:42:25.707,67211.74,0.01,3.8068,-0.3574
2026-03-01 15:42:25.807,67211.74,0.01,3.8068,-0.3574
2026-03-01 15:42:25.909,67211.74,0.01,3.8068,-0.3574
2026-03-01 15:42:26.007,67211.74,0.01,3.8068,-0.3574
2026-03-01 15:42:26.107,67211.74,0.01,3.8068,-0.3574
2026-03-01 15:42:26.208,67211.74,0.01,3.8065,-0.3573
2026-03-01 15:42:26.321,67211.74,0.01,3.8063,-0.3573
2026-03-01 15:42:26.408,67211.74,0.01,3.8063,-0.3573
2026-03-01 15:42:26.510,67211.74,0.01,3.8063,-0.3573
2026-03-01 15:42:26.607,67211.74,0.01,3.8063,-0.3573
2026-03-01 15:42:26.707,67211.74,0.01,3.8063,-0.3573
2026-03-01 15:42:26.807,67211.74,0.01,3.8063,-0.3573
2026-03-01 15:42:26.907,67211.74,0.01,3.8064,-0.3573
2026-03-01 15:42:27.008,67211.74,0.01,3.8064,-0.3573
2026-03-01 15:42:27.108,67211.74,0.01,3.8065,-0.3572
2026-03-01 15:42:27.207,67211.74,0.01,3.8065,-0.3572
2026-03-01 15:42:27.307,67211.74,0.01,3.8565,-0.3374
2026-03-01 15:42:27.407,67211.74,0.01,3.8564,-0.3374
2026-03-01 15:42:27.507,67211.74,0.01,3.8564,-0.3374
2026-03-01 15:42:27.607,67211.74,0.01,3.8564,-0.3374
2026-03-01 15:42:27.709,67211.74,0.01,3.8564,-0.3374
2026-03-01 15:42:27.808,67211.74,0.01,3.8564,-0.3374
2026-03-01 15:42:27.910,67211.74,0.01,3.8564,-0.3374
2026-03-01 15:42:28.007,67211.74,0.01,3.8564,-0.3374
2026-03-01 15:42:28.107,67211.74,0.01,3.8564,-0.3374
2026-03-01 15:42:28.207,67211.74,0.01,3.8564,-0.3374
2026-03-01 15:42:28.308,67211.74,0.01,3.8564,-0.3374
2026-03-01 15:42:28.411,67211.74,0.01,3.8562,-0.3373
2026-03-01 15:42:28.535,67211.74,0.01,3.8562,-0.3373
2026-03-01 15:42:28.618,67211.74,0.01,3.8562,-0.3373
2026-03-01 15:42:28.707,67211.74,0.01,3.868,-0.3397
2026-03-01 15:42:28.807,67211.74,0.01,3.8664,-0.3403
2026-03-01 15:42:28.907,67211.74,0.01,3.8664,-0.3403
2026-03-01 15:42:29.008,67211.74,0.01,3.8664,-0.3403
2026-03-01 15:42:29.122,67211.74,0.01,3.8664,-0.3403
2026-03-01 15:42:29.207,67211.74,0.01,3.8664,-0.3403
2026-03-01 15:42:29.307,67211.74,0.01,3.9891,-0.2745
2026-03-01 15:42:29.415,67211.74,0.01,3.9406,-0.2645
2026-03-01 15:42:29.507,67211.74,0.01,3.9604,-0.2439
2026-03-01 15:42:29.609,67211.74,0.01,3.9604,-0.2439
2026-03-01 15:42:29.709,67211.74,0.01,3.9604,-0.2439
2026-03-01 15:42:29.808,67211.74,0.01,4.0524,-0.2122
2026-03-01 15:42:29.907,67211.74,0.01,4.0524,-0.2122
2026-03-01 15:42:30.007,67211.74,0.01,4.0524,-0.2122
2026-03-01 15:42:30.160,67211.74,0.01,4.0524,-0.2122
2026-03-01 15:42:30.240,67211.74,0.01,4.0524,-0.2122
2026-03-01 15:42:30.319,67211.74,0.01,3.9611,-0.1918
2026-03-01 15:42:30.409,67211.74,0.01,4.0524,-0.2122
2026-03-01 15:42:30.507,67211.74,0.01,4.0524,-0.2122
2026-03-01 15:42:30.609,67211.74,0.01,4.0521,-0.2123
2026-03-01 15:42:30.707,67211.74,0.01,4.0523,-0.2123
2026-03-01 15:42:30.806,67211.74,0.01,4.0523,-0.2123
2026-03-01 15:42:30.908,67211.74,0.01,4.0523,-0.2123
2026-03-01 15:42:31.009,67211.74,0.01,4.0523,-0.2123
2026-03-01 15:42:31.108,67211.74,0.01,4.0523,-0.2123
2026-03-01 15:42:31.207,67211.74,0.01,4.0522,-0.2123
2026-03-01 15:42:31.307,67211.74,0.01,4.056,-0.211
2026-03-01 15:42:31.407,67211.74,0.01,4.056,-0.211
2026-03-01 15:42:31.507,67211.74,0.01,4.056,-0.211
2026-03-01 15:42:31.606,67211.74,0.01,4.0558,-0.211
2026-03-01 15:42:31.707,67211.74,0.01,4.0558,-0.211
2026-03-01 15:42:31.807,67211.74,0.01,4.0558,-0.211
2026-03-01 15:42:31.908,67211.74,0.01,4.0553,-0.2109
2026-03-01 15:42:32.007,67211.74,0.01,4.0557,-0.211
2026-03-01 15:42:32.107,67211.74,0.01,4.0557,-0.211
2026-03-01 15:42:32.208,67211.74,0.01,4.0557,-0.211
2026-03-01 15:42:32.307,67211.74,0.01,4.0557,-0.211
2026-03-01 15:42:32.408,67211.74,0.01,4.0557,-0.211
2026-03-01 15:42:32.507,67211.74,0.01,4.0556,-0.2111
2026-03-01 15:42:32.607,67211.74,0.01,4.0537,-0.2107
2026-03-01 15:42:32.707,67211.74,0.01,4.0537,-0.2107
2026-03-01 15:42:32.807,67211.74,0.01,4.0537,-0.2107
2026-03-01 15:42:32.907,67211.74,0.01,4.0537,-0.2107
2026-03-01 15:42:33.014,67211.74,0.01,4.0537,-0.2107
2026-03-01 15:42:33.107,67211.74,0.01,4.0537,-0.2107
2026-03-01 15:42:33.209,67211.74,0.01,4.0319,-0.218
2026-03-01 15:42:33.307,67211.74,0.01,4.0319,-0.218
2026-03-01 15:42:33.407,67211.74,0.01,4.0319,-0.218
2026-03-01 15:42:33.507,67211.74,0.01,4.0319,-0.218
2026-03-01 15:42:33.607,67211.74,0.01,4.0318,-0.218
2026-03-01 15:42:33.707,67211.74,0.01,4.0318,-0.218
2026-03-01 15:42:33.807,67211.74,0.01,4.0318,-0.218
2026-03-01 15:42:33.908,67211.74,0.01,4.0318,-0.218
2026-03-01 15:42:34.007,67211.74,0.01,4.0318,-0.218
2026-03-01 15:42:34.107,67211.74,0.01,4.0322,-0.2176
2026-03-01 15:42:34.208,67211.74,0.01,4.0124,-0.2133
2026-03-01 15:42:34.307,67211.74,0.01,4.0124,-0.2133
2026-03-01 15:42:34.411,67211.74,0.01,4.0122,-0.2134
2026-03-01 15:42:34.508,67211.74,0.01,3.9964,-0.2187
2026-03-01 15:42:34.607,67211.74,0.01,3.9964,-0.2187
2026-03-01 15:42:34.708,67211.74,0.01,3.9967,-0.2185
2026-03-01 15:42:34.808,67211.74,0.01,3.9967,-0.2185
2026-03-01 15:42:34.907,67211.74,0.01,3.9967,-0.2185
2026-03-01 15:42:35.009,67211.74,0.01,3.9967,-0.2185
2026-03-01 15:42:35.109,67211.74,0.01,3.9967,-0.2185
2026-03-01 15:42:35.209,67211.74,0.01,3.9967,-0.2185
2026-03-01 15:42:35.314,67211.74,0.01,3.9944,-0.2193
2026-03-01 15:42:35.407,67211.74,0.01,3.9944,-0.2193
2026-03-01 15:42:35.508,67211.74,0.01,3.9944,-0.2193
2026-03-01 15:42:35.608,67211.74,0.01,3.9944,-0.2193
2026-03-01 15:42:35.707,67211.74,0.01,3.9944,-0.2193
2026-03-01 15:42:35.807,67211.74,0.01,3.9944,-0.2193
2026-03-01 15:42:35.908,67211.74,0.01,3.9942,-0.2193
2026-03-01 15:42:36.009,67211.74,0.01,4.6991,-0.3482
2026-03-01 15:42:36.108,67211.74,0.01,4.6962,-0.3478
2026-03-01 15:42:36.207,67211.74,0.01,4.6667,-0.3571
2026-03-01 15:42:36.308,67211.74,0.01,4.6652,-0.3569
2026-03-01 15:42:36.407,67211.74,0.01,4.6326,-0.3726
2026-03-01 15:42:36.507,67211.74,0.01,4.6326,-0.3726
2026-03-01 15:42:36.608,67211.74,0.01,4.6326,-0.3726
2026-03-01 15:42:36.708,67211.74,0.01,4.6326,-0.3726
2026-03-01 15:42:36.810,67211.74,0.01,4.6297,-0.3722
2026-03-01 15:42:36.907,67211.74,0.01,4.6439,-0.3745
2026-03-01 15:42:37.010,67211.74,0.01,4.6439,-0.3745
2026-03-01 15:42:37.107,67211.74,0.01,4.6439,-0.3745
2026-03-01 15:42:37.208,67211.74,0.01,4.6439,-0.3745
2026-03-01 15:42:37.308,67211.74,0.01,4.6439,-0.3745
2026-03-01 15:42:37.408,67211.74,0.01,4.6439,-0.3745
2026-03-01 15:42:37.509,67211.74,0.01,4.6439,-0.3745
2026-03-01 15:42:37.607,67211.74,0.01,4.6439,-0.3745
2026-03-01 15:42:37.707,67211.74,0.01,4.6612,-0.3773
2026-03-01 15:42:37.807,67211.74,0.01,4.6612,-0.3773
2026-03-01 15:42:37.908,67211.74,0.01,4.6553,-0.3792
2026-03-01 15:42:38.007,67211.74,0.01,4.6553,-0.3792
2026-03-01 15:42:38.107,67211.74,0.01,4.6553,-0.3792
2026-03-01 15:42:38.209,67211.74,0.01,4.6553,-0.3792
2026-03-01 15:42:38.307,67211.74,0.01,4.6551,-0.3792
2026-03-01 15:42:38.410,67211.74,0.01,4.3487,-0.4867
2026-03-01 15:42:38.507,67211.74,0.01,4.3475,-0.4873
2026-03-01 15:42:38.607,67211.74,0.01,4.3475,-0.4873
2026-03-01 15:42:38.706,67211.74,0.01,4.1523,-0.5653
2026-03-01 15:42:38.830,67211.74,0.01,4.2017,-0.4889
2026-03-01 15:42:38.919,67211.74,0.01,4.21,-0.5007
2026-03-01 15:42:39.008,67211.74,0.01,4.2104,-0.5006
2026-03-01 15:42:39.111,67211.74,0.01,4.2102,-0.5007
2026-03-01 15:42:39.207,67211.74,0.01,4.0907,-0.5695
2026-03-01 15:42:39.309,67211.74,0.01,4.0968,-0.5491
2026-03-01 15:42:39.411,67211.74,0.01,4.097,-0.5491
2026-03-01 15:42:39.507,67211.74,0.01,4.097,-0.5491
2026-03-01 15:42:39.607,67211.74,0.01,4.097,-0.5491
2026-03-01 15:42:39.707,67211.74,0.01,4.097,-0.5491
2026-03-01 15:42:39.807,67211.74,0.01,4.0914,-0.5519
2026-03-01 15:42:39.908,67211.74,0.01,4.0829,-0.5515
2026-03-01 15:42:40.008,67211.74,0.01,4.0898,-0.5521
2026-03-01 15:42:40.107,67211.74,0.01,4.09,-0.5522
2026-03-01 15:42:40.207,67211.74,0.01,4.09,-0.5522
2026-03-01 15:42:40.308,67211.74,0.01,4.189,-0.4777
2026-03-01 15:42:40.407,67211.74,0.01,4.0302,-0.5655
2026-03-01 15:42:40.507,67211.74,0.01,4.0245,-0.5571
2026-03-01 15:42:40.607,67211.74,0.01,4.0282,-0.5444
2026-03-01 15:42:40.707,67211.74,0.01,4.0283,-0.5444
2026-03-01 15:42:40.807,67211.74,0.01,4.0283,-0.5444
2026-03-01 15:42:40.908,67211.74,0.01,4.0283,-0.5444
2026-03-01 15:42:41.007,67211.74,0.01,4.0206,-0.5437
2026-03-01 15:42:41.108,67211.74,0.01,4.4811,-0.7448
2026-03-01 15:42:41.207,67211.74,0.01,4.7077,-0.7476
2026-03-01 15:42:41.308,67211.74,0.01,4.7084,-0.7474
2026-03-01 15:42:41.407,67211.74,0.01,4.7084,-0.7474
2026-03-01 15:42:41.507,67211.74,0.01,4.8098,-0.7035
2026-03-01 15:42:41.607,67211.74,0.01,4.8098,-0.7035
2026-03-01 15:42:41.707,67211.74,0.01,4.7164,-0.7479
2026-03-01 15:42:41.807,67211.74,0.01,4.7164,-0.7479
2026-03-01 15:42:41.908,67211.74,0.01,4.7164,-0.7479
2026-03-01 15:42:42.007,67211.74,0.01,4.716,-0.7481
2026-03-01 15:42:42.108,67211.74,0.01,4.8197,-0.7546
2026-03-01 15:42:42.208,67211.74,0.01,4.8219,-0.7545
2026-03-01 15:42:42.310,67207.33,0.01,4.997,-0.9983
2026-03-01 15:42:42.408,67197.79,0.01,3.6163,-0.9974
2026-03-01 15:42:42.510,67197.62,0.01,5.6857,-0.9965
2026-03-01 15:42:42.608,67197.62,0.01,5.4225,-0.9969
2026-03-01 15:42:42.708,67197.62,0.01,5.5372,-0.997
2026-03-01 15:42:42.807,67197.62,0.01,5.3633,-0.9973
2026-03-01 15:42:42.909,67196.02,0.01,2.9996,-0.9939
2026-03-01 15:42:43.019,67196.02,0.01,2.95,-0.9938
2026-03-01 15:42:43.107,67196.02,0.01,2.9453,-0.9949
2026-03-01 15:42:43.207,67196.02,0.01,2.8417,-0.9945
2026-03-01 15:42:43.310,67196.02,0.01,3.6501,-0.9959
2026-03-01 15:42:43.407,67196.02,0.01,3.6501,-0.9959
2026-03-01 15:42:43.509,67196.02,0.01,3.4574,-0.9854
2026-03-01 15:42:43.607,67196.02,0.01,4.266,-0.9868
2026-03-01 15:42:43.707,67196.02,0.01,4.2661,-0.9868
2026-03-01 15:42:43.807,67196.02,0.01,4.2661,-0.9868
2026-03-01 15:42:43.908,67196.02,0.01,4.2661,-0.9868
2026-03-01 15:42:44.008,67196.01,0.01,4.9142,-0.9976
2026-03-01 15:42:44.107,67191.8,0.01,4.4143,-0.998
2026-03-01 15:42:44.207,67191.8,0.01,3.2906,-0.9972
2026-03-01 15:42:44.309,67191.8,0.01,2.8721,-0.9177
2026-03-01 15:42:44.410,67191.8,0.01,2.8702,-0.9111
2026-03-01 15:42:44.508,67191.8,0.01,2.8799,-0.9115
2026-03-01 15:42:44.607,67191.8,0.01,2.8799,-0.9115
2026-03-01 15:42:44.707,67191.8,0.01,2.8547,-0.9102
2026-03-01 15:42:44.807,67191.8,0.01,2.747,-0.9961
2026-03-01 15:42:44.907,67191.8,0.01,2.89,-0.9963
2026-03-01 15:42:45.007,67190.49,0.01,2.4897,-0.9966
2026-03-01 15:42:45.107,67190.49,0.01,2.6486,-0.9964
2026-03-01 15:42:45.211,67190.49,0.01,2.6644,-0.9964
2026-03-01 15:42:45.316,67190.49,0.01,3.1874,-0.8525
2026-03-01 15:42:45.408,67190.49,0.01,2.376,-0.8892
2026-03-01 15:42:45.507,67190.49,0.01,2.8273,-0.9898
2026-03-01 15:42:45.607,67190.49,0.01,2.8353,-0.9899
2026-03-01 15:42:45.707,67190.49,0.01,2.5446,-0.9896
2026-03-01 15:42:45.807,67190.49,0.01,2.5448,-0.9896
2026-03-01 15:42:45.907,67190.49,0.01,2.5459,-0.9885
2026-03-01 15:42:46.007,67190.49,0.01,2.1462,-0.8533
2026-03-01 15:42:46.108,67190.49,0.01,2.3453,-0.6521
2026-03-01 15:42:46.208,67190.49,0.01,2.0633,-0.6472
2026-03-01 15:42:46.307,67190.49,0.01,2.3852,-0.5709
2026-03-01 15:42:46.407,67190.49,0.01,2.6856,-0.2713
2026-03-01 15:42:46.507,67190.49,0.01,1.906,0.2637
2026-03-01 15:42:46.607,67190.49,0.01,2.2796,0.141
2026-03-01 15:42:46.729,67190.49,0.01,2.147,0.0552
2026-03-01 15:42:46.808,67190.49,0.01,2.3204,-0.0534
2026-03-01 15:42:46.909,67190.49,0.01,2.3204,-0.0534
2026-03-01 15:42:47.028,67190.49,0.01,2.3463,-0.0556
2026-03-01 15:42:47.121,67190.49,0.01,2.3463,-0.0556
2026-03-01 15:42:47.223,67190.49,0.01,2.3463,-0.0556
2026-03-01 15:42:47.315,67190.49,0.01,2.3463,-0.0556
2026-03-01 15:42:47.413,67190.49,0.01,2.3463,-0.0556
2026-03-01 15:42:47.514,67190.49,0.01,2.3463,-0.0556
2026-03-01 15:42:47.609,67190.49,0.01,2.3434,-0.057
2026-03-01 15:42:47.729,67190.49,0.01,2.3434,-0.057
2026-03-01 15:42:47.806,67190.49,0.01,2.3434,-0.057
2026-03-01 15:42:47.910,67190.49,0.01,2.3434,-0.057
2026-03-01 15:42:48.013,67190.49,0.01,2.4513,-0.0999
2026-03-01 15:42:48.109,67190.49,0.01,2.4253,-0.0979
2026-03-01 15:42:48.225,67190.49,0.01,2.4253,-0.0979
2026-03-01 15:42:48.333,67190.49,0.01,2.4253,-0.0979
2026-03-01 15:42:48.416,67190.49,0.01,2.4225,-0.0991
2026-03-01 15:42:48.512,67190.49,0.01,2.4224,-0.0991
2026-03-01 15:42:48.607,67190.49,0.01,2.4214,-0.0988
2026-03-01 15:42:48.712,67190.49,0.01,2.4202,-0.1323
2026-03-01 15:42:48.817,67190.49,0.01,2.4201,-0.1323
2026-03-01 15:42:48.971,67190.49,0.01,2.4186,-0.133
2026-03-01 15:42:49.050,67190.49,0.01,2.4186,-0.133
2026-03-01 15:42:49.121,67190.49,0.01,2.1956,-0.251
2026-03-01 15:42:49.208,67190.49,0.01,2.1956,-0.251
2026-03-01 15:42:49.308,67190.49,0.01,2.1532,-0.2358
2026-03-01 15:42:49.409,67190.49,0.01,2.1768,-0.2382
2026-03-01 15:42:49.508,67190.49,0.01,2.2884,-0.2764
2026-03-01 15:42:49.607,67190.49,0.01,2.1769,-0.2381
2026-03-01 15:42:49.707,67190.49,0.01,2.177,-0.238
2026-03-01 15:42:49.810,67190.49,0.01,2.1766,-0.2378
2026-03-01 15:42:49.917,67190.49,0.01,2.1577,-0.3407
2026-03-01 15:42:50.007,67190.49,0.01,2.175,-0.3425
2026-03-01 15:42:50.164,67190.49,0.01,2.1672,-0.3401
2026-03-01 15:42:50.240,67190.49,0.01,2.0635,-0.3058
2026-03-01 15:42:50.318,67190.49,0.01,2.0635,-0.3058
2026-03-01 15:42:50.407,67190.49,0.01,2.0635,-0.3058
2026-03-01 15:42:50.516,67190.49,0.01,2.0634,-0.3057
2026-03-01 15:42:50.607,67190.49,0.01,2.4017,-0.5003
2026-03-01 15:42:50.708,67190.49,0.01,2.2915,-0.4885
2026-03-01 15:42:50.807,67190.49,0.01,2.2932,-0.4538
2026-03-01 15:42:50.907,67190.49,0.01,2.45,-0.3581
2026-03-01 15:42:51.013,67190.49,0.01,2.3301,0.2151
2026-03-01 15:42:51.108,67190.49,0.01,2.3107,0.2613
2026-03-01 15:42:51.207,67190.49,0.01,2.4082,0.3325
2026-03-01 15:42:51.309,67190.49,0.01,2.4937,0.2795
2026-03-01 15:42:51.409,67190.49,0.01,2.567,0.2604
2026-03-01 15:42:51.508,67190.49,0.01,2.567,0.2605
2026-03-01 15:42:51.607,67190.49,0.01,3.3996,-0.0596
2026-03-01 15:42:51.707,67190.49,0.01,3.3996,-0.0596
2026-03-01 15:42:51.807,67190.49,0.01,3.3967,-0.0588
2026-03-01 15:42:51.907,67190.49,0.01,3.3592,-0.0479
2026-03-01 15:42:52.007,67190.49,0.01,3.3592,-0.0479
2026-03-01 15:42:52.108,67190.49,0.01,3.3592,-0.0479
2026-03-01 15:42:52.208,67190.49,0.01,3.3592,-0.0479
2026-03-01 15:42:52.308,67190.49,0.01,3.3493,-0.0482
2026-03-01 15:42:52.407,67190.49,0.01,3.3493,-0.0481
2026-03-01 15:42:52.508,67190.49,0.01,3.2094,-0.111
2026-03-01 15:42:52.608,67190.49,0.01,3.1697,-0.2567
2026-03-01 15:42:52.707,67190.49,0.01,3.0637,-0.303
2026-03-01 15:42:52.807,67190.49,0.01,3.0628,-0.3028
2026-03-01 15:42:52.907,67190.49,0.01,3.0628,-0.3028
2026-03-01 15:42:53.007,67190.49,0.01,3.0628,-0.3028
2026-03-01 15:42:53.108,67190.49,0.01,3.0628,-0.3028
2026-03-01 15:42:53.207,67190.49,0.01,3.0903,-0.3016
2026-03-01 15:42:53.308,67190.49,0.01,3.003,-0.2889
2026-03-01 15:42:53.407,67190.49,0.01,3.1019,-0.3077
2026-03-01 15:42:53.507,67190.49,0.01,3.2136,-0.3321
2026-03-01 15:42:53.614,67190.49,0.01,3.1018,-0.3077
2026-03-01 15:42:53.707,67190.49,0.01,3.1018,-0.3077
2026-03-01 15:42:53.808,67190.49,0.01,3.1518,-0.3189
2026-03-01 15:42:53.907,67190.49,0.01,3.1518,-0.3189
2026-03-01 15:42:54.010,67190.49,0.01,2.6304,-0.953
2026-03-01 15:42:54.107,67190.49,0.01,2.6216,-0.8736
2026-03-01 15:42:54.207,67190.49,0.01,2.8192,-0.8729
2026-03-01 15:42:54.307,67190.49,0.01,3.6781,-0.8874
2026-03-01 15:42:54.409,67190.49,0.01,3.3803,-0.884
2026-03-01 15:42:54.509,67190.49,0.01,3.3727,-0.8837
2026-03-01 15:42:54.607,67190.49,0.01,3.3649,-0.8834
2026-03-01 15:42:54.707,67190.49,0.01,3.3649,-0.8834
2026-03-01 15:42:54.808,67190.49,0.01,3.3704,-0.8852
2026-03-01 15:42:54.908,67190.49,0.01,3.3704,-0.8852
2026-03-01 15:42:55.008,67190.49,0.01,3.3704,-0.8852
2026-03-01 15:42:55.107,67190.49,0.01,3.3704,-0.8852
2026-03-01 15:42:55.208,67190.49,0.01,3.3704,-0.8852
2026-03-01 15:42:55.314,67190.49,0.01,3.3703,-0.8853
2026-03-01 15:42:55.408,67190.49,0.01,3.3703,-0.8853
2026-03-01 15:42:55.508,67190.49,0.01,3.3703,-0.8853
2026-03-01 15:42:55.608,67190.49,0.01,3.3729,-0.8854
2026-03-01 15:42:55.707,67190.49,0.01,3.3726,-0.8745
2026-03-01 15:42:55.807,67190.49,0.01,3.3406,-0.8758
2026-03-01 15:42:55.907,67190.49,0.01,3.3581,-0.8755
2026-03-01 15:42:56.008,67190.49,0.01,3.3342,-0.8917
2026-03-01 15:42:56.107,67190.49,0.01,3.3342,-0.8917
2026-03-01 15:42:56.208,67190.49,0.01,3.3342,-0.8917
2026-03-01 15:42:56.308,67190.49,0.01,3.3342,-0.8917
2026-03-01 15:42:56.407,67190.49,0.01,3.3336,-0.8917
2026-03-01 15:42:56.507,67190.49,0.01,3.3336,-0.8917
2026-03-01 15:42:56.608,67190.49,0.01,3.3337,-0.8916
2026-03-01 15:42:56.710,67190.49,0.01,3.3335,-0.8916
2026-03-01 15:42:56.807,67190.49,0.01,3.3335,-0.8916
2026-03-01 15:42:56.909,67190.49,0.01,3.3333,-0.8916
2026-03-01 15:42:57.007,67190.49,0.01,3.3333,-0.8916
2026-03-01 15:42:57.107,67190.49,0.01,3.3333,-0.8916
2026-03-01 15:42:57.207,67190.49,0.01,3.3333,-0.8916
2026-03-01 15:42:57.310,67190.49,0.01,3.3333,-0.8916
2026-03-01 15:42:57.408,67190.49,0.01,3.3333,-0.8916
2026-03-01 15:42:57.508,67190.49,0.01,3.3333,-0.8916
2026-03-01 15:42:57.608,67190.49,0.01,3.3333,-0.8916
2026-03-01 15:42:57.707,67190.49,0.01,3.3333,-0.8916
2026-03-01 15:42:57.808,67190.49,0.01,3.3332,-0.8916
2026-03-01 15:42:57.908,67190.49,0.01,3.3332,-0.8916
2026-03-01 15:42:58.007,67190.49,0.01,3.3335,-0.8916
2026-03-01 15:42:58.109,67190.49,0.01,3.3335,-0.8916
2026-03-01 15:42:58.209,67190.49,0.01,3.3335,-0.8916
2026-03-01 15:42:58.308,67190.49,0.01,3.3335,-0.8916
2026-03-01 15:42:58.407,67190.49,0.01,3.3064,-0.9027
2026-03-01 15:42:58.510,67190.49,0.01,3.3062,-0.9028
2026-03-01 15:42:58.608,67190.49,0.01,3.3062,-0.9014
2026-03-01 15:42:58.708,67190.49,0.01,3.3059,-0.9021
2026-03-01 15:42:59.125,67190.49,0.01,3.3059,-0.9021
2026-03-01 15:42:59.126,67190.49,0.01,3.3059,-0.9021
2026-03-01 15:42:59.126,67190.49,0.01,3.3062,-0.902
2026-03-01 15:42:59.151,67190.49,0.01,3.3062,-0.902
2026-03-01 15:42:59.221,67190.49,0.01,3.3062,-0.902
2026-03-01 15:42:59.307,67190.49,0.01,3.3062,-0.902
2026-03-01 15:42:59.408,67190.49,0.01,3.3007,-0.9058
2026-03-01 15:42:59.508,67190.49,0.01,3.3134,-0.9062
2026-03-01 15:42:59.608,67190.49,0.01,3.2068,-0.9827
2026-03-01 15:42:59.708,67190.49,0.01,3.2142,-0.9827
2026-03-01 15:42:59.807,67190.49,0.01,3.214,-0.9829
2026-03-01 15:42:59.908,67190.49,0.01,3.214,-0.9829
2026-03-01 15:43:00.007,67190.49,0.01,3.3204,-0.9066
2026-03-01 15:43:00.107,67190.49,0.01,3.3204,-0.9066
2026-03-01 15:43:00.207,67190.49,0.01,3.3204,-0.9066
2026-03-01 15:43:00.307,67190.49,0.01,3.2602,-0.9045
2026-03-01 15:43:00.408,67190.49,0.01,3.2601,-0.9045
2026-03-01 15:43:00.508,67190.49,0.01,3.2601,-0.9045
2026-03-01 15:43:00.608,67190.49,0.01,3.2621,-0.9046
2026-03-01 15:43:00.709,67190.49,0.01,3.2621,-0.9046
2026-03-01 15:43:00.808,67190.49,0.01,3.2621,-0.9046
2026-03-01 15:43:00.907,67190.49,0.01,3.262,-0.9046
2026-03-01 15:43:01.008,67190.49,0.01,3.2615,-0.9048
2026-03-01 15:43:01.109,67190.49,0.01,3.2615,-0.9048
2026-03-01 15:43:01.207,67190.49,0.01,3.2615,-0.9048
2026-03-01 15:43:01.308,67190.49,0.01,2.4578,0.2931
2026-03-01 15:43:01.407,67190.49,0.01,2.6483,0.1986
2026-03-01 15:43:01.507,67190.49,0.01,2.5878,0.2282
2026-03-01 15:43:01.614,67190.49,0.01,2.6708,0.1824
2026-03-01 15:43:01.708,67190.49,0.01,2.6708,0.1824
2026-03-01 15:43:01.807,67190.49,0.01,2.6709,0.1824
2026-03-01 15:43:01.910,67190.49,0.01,2.7747,0.2127
2026-03-01 15:43:02.007,67190.49,0.01,2.7746,0.2127
2026-03-01 15:43:02.108,67190.49,0.01,2.7739,0.2125
2026-03-01 15:43:02.208,67190.49,0.01,2.7739,0.2125
2026-03-01 15:43:02.308,67190.49,0.01,2.7739,0.2125
2026-03-01 15:43:02.407,67190.49,0.01,2.7737,0.2125
2026-03-01 15:43:02.530,67190.49,0.01,2.7736,0.2126
2026-03-01 15:43:02.608,67190.49,0.01,2.7736,0.2126
2026-03-01 15:43:02.707,67190.49,0.01,2.7736,0.2126
2026-03-01 15:43:02.808,67190.49,0.01,2.7736,0.2126
2026-03-01 15:43:02.907,67190.49,0.01,2.7736,0.2126
2026-03-01 15:43:03.007,67190.49,0.01,3.1613,-0.0023
2026-03-01 15:43:03.113,67190.49,0.01,3.1613,-0.0023
2026-03-01 15:43:03.207,67190.49,0.01,3.1613,-0.0023
2026-03-01 15:43:03.308,67190.49,0.01,3.1611,-0.0022
2026-03-01 15:43:03.408,67190.49,0.01,3.1728,-0.003
2026-03-01 15:43:03.508,67190.49,0.01,3.2977,-0.0225
2026-03-01 15:43:03.610,67190.49,0.01,3.2983,-0.0179
2026-03-01 15:43:03.707,67190.49,0.01,3.2983,-0.0178
2026-03-01 15:43:03.810,67190.49,0.01,3.2983,-0.0178
2026-03-01 15:43:03.908,67190.49,0.01,3.2978,-0.0177
2026-03-01 15:43:04.007,67190.49,0.01,3.2978,-0.0177
2026-03-01 15:43:04.109,67190.49,0.01,3.2976,-0.0176
2026-03-01 15:43:04.208,67190.49,0.01,3.2976,-0.0176
2026-03-01 15:43:04.308,67190.49,0.01,3.2352,0.0019
2026-03-01 15:43:04.407,67190.49,0.01,3.2352,0.0019
2026-03-01 15:43:04.507,67190.49,0.01,3.2348,0.002
2026-03-01 15:43:04.607,67190.49,0.01,3.2345,0.002
2026-03-01 15:43:04.708,67190.49,0.01,3.2345,0.002
2026-03-01 15:43:04.807,67190.49,0.01,3.2338,0.0021
2026-03-01 15:43:04.909,67190.49,0.01,3.2338,0.0021
2026-03-01 15:43:05.009,67190.49,0.01,3.2338,0.0021
2026-03-01 15:43:05.108,67190.49,0.01,3.2338,0.0021
2026-03-01 15:43:05.207,67190.49,0.01,3.2338,0.0021
2026-03-01 15:43:05.321,67190.49,0.01,3.2282,0.0039
2026-03-01 15:43:05.409,67190.49,0.01,3.2281,0.004
2026-03-01 15:43:05.508,67190.49,0.01,3.2281,0.004
2026-03-01 15:43:05.608,67190.49,0.01,3.2281,0.004
2026-03-01 15:43:05.709,67190.49,0.01,3.2281,0.004
2026-03-01 15:43:05.808,67190.49,0.01,3.2273,0.0042
2026-03-01 15:43:05.907,67190.49,0.01,3.2273,0.0042
2026-03-01 15:43:06.008,67190.49,0.01,3.2273,0.0042
2026-03-01 15:43:06.108,67190.49,0.01,3.2273,0.0042
2026-03-01 15:43:06.208,67190.49,0.01,3.2273,0.0042
2026-03-01 15:43:06.308,67190.49,0.01,3.2272,0.0043
2026-03-01 15:43:06.408,67190.49,0.01,3.2918,0.0387
2026-03-01 15:43:06.507,67190.49,0.01,3.2918,0.0387
2026-03-01 15:43:06.608,67190.49,0.01,3.2919,0.0387
2026-03-01 15:43:06.708,67190.49,0.01,3.2916,0.0388
2026-03-01 15:43:06.808,67190.49,0.01,3.2916,0.0388
2026-03-01 15:43:07.218,67190.49,0.01,3.1903,0.0724
2026-03-01 15:43:07.219,67190.49,0.01,3.1922,0.073
2026-03-01 15:43:07.219,67190.49,0.01,3.1619,0.0835
2026-03-01 15:43:07.247,67190.49,0.01,2.4984,0.379
2026-03-01 15:43:07.319,67190.49,0.01,2.6488,0.4138
2026-03-01 15:43:07.407,67190.49,0.01,2.7728,0.3527
2026-03-01 15:43:07.507,67190.49,0.01,3.1407,0.1719
2026-03-01 15:43:07.608,67190.49,0.01,3.1324,0.1931
2026-03-01 15:43:07.709,67190.49,0.01,3.2282,0.2188
2026-03-01 15:43:07.808,67190.49,0.01,3.2282,0.2188
2026-03-01 15:43:07.908,67190.49,0.01,3.1244,0.1909
2026-03-01 15:43:08.012,67190.49,0.01,3.1248,0.1907
2026-03-01 15:43:08.108,67190.49,0.01,3.1248,0.1907
2026-03-01 15:43:08.209,67190.49,0.01,3.1248,0.1907
2026-03-01 15:43:08.309,67190.49,0.01,3.1246,0.1907
2026-03-01 15:43:08.408,67190.49,0.01,3.1235,0.1906
2026-03-01 15:43:08.508,67190.49,0.01,3.213,0.2149
2026-03-01 15:43:08.608,67190.49,0.01,3.2699,0.2292
2026-03-01 15:43:08.707,67190.49,0.01,3.2699,0.2503
2026-03-01 15:43:08.808,67190.49,0.01,3.2699,0.2503
2026-03-01 15:43:08.908,67190.49,0.01,3.2727,0.2285
2026-03-01 15:43:09.008,67190.49,0.01,3.2728,0.2287
2026-03-01 15:43:09.108,67190.49,0.01,3.1691,0.2015
2026-03-01 15:43:09.208,67190.49,0.01,3.1691,0.2015
2026-03-01 15:43:09.308,67190.49,0.01,3.1691,0.2015
2026-03-01 15:43:09.407,67190.49,0.01,3.1692,0.2015
2026-03-01 15:43:09.508,67190.49,0.01,3.1692,0.2015
2026-03-01 15:43:09.608,67190.49,0.01,3.1691,0.2021
2026-03-01 15:43:09.718,67190.49,0.01,3.3268,0.1416
2026-03-01 15:43:09.819,67190.49,0.01,3.1694,0.2027
2026-03-01 15:43:09.913,67190.49,0.01,3.1694,0.2027
2026-03-01 15:43:10.008,67190.49,0.01,3.1533,0.207
2026-03-01 15:43:10.108,67190.49,0.01,3.1532,0.207
2026-03-01 15:43:10.257,67190.49,0.01,3.152,0.207
2026-03-01 15:43:10.324,67190.49,0.01,3.152,0.207
2026-03-01 15:43:10.416,67190.49,0.01,3.1506,0.2066
2026-03-01 15:43:10.508,67190.49,0.01,3.1505,0.2067
2026-03-01 15:43:10.608,67190.49,0.01,3.1505,0.2067
2026-03-01 15:43:10.707,67190.49,0.01,3.1505,0.2067
2026-03-01 15:43:10.807,67190.49,0.01,3.1505,0.2067
2026-03-01 15:43:10.908,67190.49,0.01,3.1505,0.2067
2026-03-01 15:43:11.007,67190.49,0.01,3.1505,0.2067
2026-03-01 15:43:11.108,67190.49,0.01,3.1497,0.2065
2026-03-01 15:43:11.208,67190.49,0.01,3.1497,0.2065
2026-03-01 15:43:11.308,67190.49,0.01,3.1496,0.2065
2026-03-01 15:43:11.407,67190.49,0.01,3.1494,0.2065
2026-03-01 15:43:11.507,67190.49,0.01,3.1496,0.2065
2026-03-01 15:43:11.607,67190.49,0.01,3.1494,0.2065
2026-03-01 15:43:11.708,67190.49,0.01,3.1489,0.2067
2026-03-01 15:43:11.810,67190.49,0.01,3.1489,0.2067
2026-03-01 15:43:11.907,67190.49,0.01,3.1489,0.2067
2026-03-01 15:43:12.008,67190.49,0.01,3.1481,0.2071
2026-03-01 15:43:12.107,67190.49,0.01,3.1481,0.2071
2026-03-01 15:43:12.211,67190.49,0.01,3.1481,0.2071
2026-03-01 15:43:12.309,67190.49,0.01,3.1406,0.2102
2026-03-01 15:43:12.408,67190.49,0.01,3.1407,0.2101
2026-03-01 15:43:12.508,67190.49,0.01,3.1406,0.2102
2026-03-01 15:43:12.609,67190.49,0.01,3.1406,0.2102
2026-03-01 15:43:12.708,67190.49,0.01,3.1406,0.2102
2026-03-01 15:43:12.807,67190.49,0.01,3.1406,0.2102
2026-03-01 15:43:12.907,67190.49,0.01,3.1406,0.2102
2026-03-01 15:43:13.008,67190.49,0.01,3.1406,0.2102
2026-03-01 15:43:13.110,67190.49,0.01,3.1406,0.2102
2026-03-01 15:43:13.208,67190.49,0.01,3.1365,0.2107
2026-03-01 15:43:13.308,67190.49,0.01,3.1386,0.2107
2026-03-01 15:43:13.408,67190.49,0.01,3.1405,0.2111
2026-03-01 15:43:13.508,67190.49,0.01,3.1358,0.2107
2026-03-01 15:43:13.608,67190.49,0.01,3.1375,0.2109
2026-03-01 15:43:13.710,67190.49,0.01,3.1378,0.2107
2026-03-01 15:43:13.827,67190.49,0.01,3.1378,0.2107
2026-03-01 15:43:13.908,67190.49,0.01,3.1378,0.2107
2026-03-01 15:43:14.007,67190.49,0.01,3.1378,0.2107
2026-03-01 15:43:14.108,67190.49,0.01,3.136,0.2115
2026-03-01 15:43:14.207,67190.49,0.01,3.1359,0.2337
2026-03-01 15:43:14.309,67190.49,0.01,3.1359,0.2337
2026-03-01 15:43:14.410,67190.49,0.01,3.1359,0.2337
2026-03-01 15:43:14.508,67190.49,0.01,3.1358,0.2119
2026-03-01 15:43:14.609,67190.49,0.01,3.1358,0.2116
2026-03-01 15:43:14.707,67190.49,0.01,3.1358,0.2116
2026-03-01 15:43:14.807,67190.49,0.01,3.1358,0.2337
2026-03-01 15:43:14.910,67190.49,0.01,3.2395,0.2606
2026-03-01 15:43:15.008,67190.49,0.01,3.2395,0.2606
2026-03-01 15:43:15.107,67190.49,0.01,3.2365,0.2599
2026-03-01 15:43:15.208,67190.49,0.01,3.2365,0.2599
2026-03-01 15:43:15.315,67190.49,0.01,3.2365,0.2599
2026-03-01 15:43:15.409,67190.49,0.01,3.2362,0.26
2026-03-01 15:43:15.507,67190.49,0.01,3.236,0.2601
2026-03-01 15:43:15.608,67190.49,0.01,3.236,0.2601
2026-03-01 15:43:15.708,67190.49,0.01,3.236,0.2601
2026-03-01 15:43:15.808,67190.49,0.01,3.3297,0.1832
2026-03-01 15:43:15.908,67190.49,0.01,3.4953,0.074
2026-03-01 15:43:16.008,67190.49,0.01,3.4951,0.0741
2026-03-01 15:43:16.107,67190.49,0.01,3.4951,0.0741
2026-03-01 15:43:16.207,67190.49,0.01,3.4951,0.0741
2026-03-01 15:43:16.308,67190.49,0.01,3.4951,0.0741
2026-03-01 15:43:16.408,67190.49,0.01,3.4951,0.0741
2026-03-01 15:43:16.509,67190.49,0.01,3.4951,0.0741
2026-03-01 15:43:16.610,67190.49,0.01,3.4951,0.0741
2026-03-01 15:43:16.707,67190.49,0.01,3.4951,0.0741
2026-03-01 15:43:16.808,67190.49,0.01,3.495,0.0741
2026-03-01 15:43:16.912,67190.49,0.01,3.4941,0.0739
2026-03-01 15:43:17.009,67190.49,0.01,3.4941,0.0739
2026-03-01 15:43:17.107,67190.49,0.01,3.4941,0.0739
2026-03-01 15:43:17.207,67190.49,0.01,3.4941,0.0739
2026-03-01 15:43:17.309,67190.49,0.01,2.5473,0.5685
2026-03-01 15:43:17.409,67190.49,0.01,2.621,0.6133
2026-03-01 15:43:17.508,67190.49,0.01,2.621,0.6133
2026-03-01 15:43:17.615,67190.49,0.01,2.6209,0.6134
2026-03-01 15:43:17.707,67190.49,0.01,2.6209,0.6134
2026-03-01 15:43:17.807,67190.49,0.01,2.6134,0.6122
2026-03-01 15:43:17.910,67190.49,0.01,2.6134,0.6122
2026-03-01 15:43:18.008,67190.49,0.01,2.6134,0.6122
2026-03-01 15:43:18.108,67190.49,0.01,2.6134,0.6122
2026-03-01 15:43:18.209,67190.49,0.01,2.6131,0.6124
2026-03-01 15:43:18.308,67190.49,0.01,2.6131,0.6124
2026-03-01 15:43:18.408,67190.49,0.01,2.6131,0.6124
2026-03-01 15:43:18.507,67190.49,0.01,2.6131,0.6124
2026-03-01 15:43:18.608,67190.49,0.01,2.6131,0.6124
2026-03-01 15:43:18.708,67190.49,0.01,2.6131,0.6124
2026-03-01 15:43:18.809,67190.49,0.01,2.6131,0.6124
2026-03-01 15:43:18.908,67190.49,0.01,2.6131,0.6124
2026-03-01 15:43:19.008,67190.49,0.01,2.6131,0.6124
2026-03-01 15:43:19.122,67190.49,0.01,2.6131,0.6124
2026-03-01 15:43:19.244,67190.49,0.01,2.6131,0.6124
2026-03-01 15:43:19.426,67190.49,0.01,2.6131,0.6124
2026-03-01 15:43:19.547,67190.49,0.01,2.6672,0.4917
2026-03-01 15:43:19.550,67190.49,0.01,2.6128,0.6127
2026-03-01 15:43:19.624,67190.49,0.01,2.6128,0.6127
2026-03-01 15:43:19.707,67190.49,0.01,2.6128,0.6127
2026-03-01 15:43:19.808,67190.49,0.01,2.8929,0.4432
2026-03-01 15:43:19.911,67190.49,0.01,2.9466,0.3382
2026-03-01 15:43:20.008,67190.49,0.01,3.0596,0.2847
2026-03-01 15:43:20.110,67190.49,0.01,3.2171,0.217
2026-03-01 15:43:20.207,67190.49,0.01,3.2152,0.217
2026-03-01 15:43:20.308,67190.49,0.01,3.2173,0.2172
2026-03-01 15:43:20.408,67190.49,0.01,3.2173,0.2172
2026-03-01 15:43:20.507,67190.49,0.01,3.2174,0.2172
2026-03-01 15:43:20.608,67190.49,0.01,3.2174,0.2172
2026-03-01 15:43:20.708,67190.49,0.01,3.2174,0.2172
2026-03-01 15:43:20.808,67190.49,0.01,3.2174,0.2172
2026-03-01 15:43:20.911,67190.49,0.01,3.217,0.2388
2026-03-01 15:43:21.010,67190.49,0.01,3.2168,0.2389
2026-03-01 15:43:21.107,67190.49,0.01,3.2168,0.2389
2026-03-01 15:43:21.208,67190.49,0.01,3.2168,0.2389
2026-03-01 15:43:21.309,67190.49,0.01,3.2695,-0.0636
2026-03-01 15:43:21.407,67190.49,0.01,3.2564,-0.0687
2026-03-01 15:43:21.508,67190.49,0.01,3.2563,-0.0687
2026-03-01 15:43:21.608,67190.49,0.01,3.3091,-0.0183
2026-03-01 15:43:21.708,67190.49,0.01,3.3091,-0.0183
2026-03-01 15:43:21.807,67190.49,0.01,3.311,-0.0177
2026-03-01 15:43:21.907,67190.49,0.01,3.311,-0.0177
2026-03-01 15:43:22.008,67190.49,0.01,3.3011,-0.0148
2026-03-01 15:43:22.108,67190.49,0.01,3.1973,0.0209
2026-03-01 15:43:22.209,67190.49,0.01,3.1973,0.0209
2026-03-01 15:43:22.308,67190.49,0.01,2.9704,0.1379
2026-03-01 15:43:22.408,67190.49,0.01,2.9052,0.209
2026-03-01 15:43:22.508,67190.49,0.01,2.7123,0.2576
2026-03-01 15:43:22.622,67190.49,0.01,2.9058,0.209
2026-03-01 15:43:22.707,67190.49,0.01,2.9058,0.209
2026-03-01 15:43:22.810,67190.49,0.01,2.9058,0.209
2026-03-01 15:43:22.908,67190.49,0.01,2.9059,0.1762
2026-03-01 15:43:23.008,67190.49,0.01,2.9059,0.1762
2026-03-01 15:43:23.108,67190.49,0.01,2.9058,0.1763
2026-03-01 15:43:23.208,67190.49,0.01,2.9058,0.1763
2026-03-01 15:43:23.308,67190.49,0.01,2.9903,0.235
2026-03-01 15:43:23.410,67190.49,0.01,2.9903,0.235
2026-03-01 15:43:23.509,67190.49,0.01,2.9902,0.235
2026-03-01 15:43:23.608,67190.49,0.01,2.9878,0.2362
2026-03-01 15:43:23.708,67190.49,0.01,2.99,0.2351
2026-03-01 15:43:23.807,67190.49,0.01,2.99,0.2351
2026-03-01 15:43:23.911,67190.49,0.01,2.99,0.2351
2026-03-01 15:43:24.008,67190.49,0.01,2.9882,0.236
2026-03-01 15:43:24.107,67190.49,0.01,2.989,0.2362
2026-03-01 15:43:24.210,67190.49,0.01,2.989,0.2362
2026-03-01 15:43:24.309,67190.49,0.01,2.9435,0.2584
2026-03-01 15:43:24.414,67190.49,0.01,2.9434,0.2584
2026-03-01 15:43:24.508,67190.49,0.01,3.0219,0.2207
2026-03-01 15:43:24.608,67190.49,0.01,1.7786,0.8093
2026-03-01 15:43:24.711,67190.49,0.01,1.724,0.8977
2026-03-01 15:43:24.808,67190.49,0.01,1.7219,0.9001
2026-03-01 15:43:24.909,67190.49,0.01,1.716,0.9068
2026-03-01 15:43:25.008,67190.49,0.01,1.8161,0.7993
2026-03-01 15:43:25.109,67190.49,0.01,1.8161,0.7993
2026-03-01 15:43:25.212,67190.49,0.01,1.8161,0.7993
2026-03-01 15:43:25.326,67190.49,0.01,2.7775,0.1737
2026-03-01 15:43:25.410,67190.49,0.01,2.497,0.391
2026-03-01 15:43:25.508,67190.49,0.01,2.5282,0.383
2026-03-01 15:43:25.615,67190.49,0.01,2.5282,0.383
2026-03-01 15:43:25.708,67190.49,0.01,2.5283,0.3831
2026-03-01 15:43:25.808,67190.49,0.01,2.5285,0.3831
2026-03-01 15:43:25.908,67190.49,0.01,2.6771,0.2956
2026-03-01 15:43:26.012,67190.49,0.01,2.6758,0.2963
2026-03-01 15:43:26.110,67190.49,0.01,2.6758,0.2963
2026-03-01 15:43:26.208,67190.49,0.01,2.6758,0.2963
2026-03-01 15:43:26.308,67190.49,0.01,2.6732,0.2956
2026-03-01 15:43:26.408,67190.49,0.01,3.0562,0.1256
2026-03-01 15:43:26.509,67190.49,0.01,3.0566,0.0986
2026-03-01 15:43:26.608,67190.49,0.01,3.0566,0.0986
2026-03-01 15:43:26.707,67190.49,0.01,3.0566,0.0986
2026-03-01 15:43:26.808,67190.49,0.01,3.2332,0.035
2026-03-01 15:43:26.909,67190.49,0.01,3.2332,0.035
2026-03-01 15:43:27.009,67190.49,0.01,3.2003,0.025
2026-03-01 15:43:27.108,67190.49,0.01,3.0805,0.0005
2026-03-01 15:43:27.208,67190.49,0.01,3.0805,0.0004
2026-03-01 15:43:27.308,67190.49,0.01,3.0801,0.0003
2026-03-01 15:43:27.409,67190.49,0.01,3.0801,0.0003
2026-03-01 15:43:27.508,67190.49,0.01,3.08,0.0003
2026-03-01 15:43:27.608,67190.49,0.01,3.0801,0.0002
2026-03-01 15:43:27.708,67190.49,0.01,3.0801,0.0002
2026-03-01 15:43:27.808,67190.49,0.01,3.1918,-0.0357
2026-03-01 15:43:27.907,67190.49,0.01,3.0803,0.0001
2026-03-01 15:43:28.008,67190.49,0.01,3.0798,0.0003
2026-03-01 15:43:28.110,67190.49,0.01,3.0821,-0.0005
2026-03-01 15:43:28.209,67190.49,0.01,3.0821,-0.0005
2026-03-01 15:43:28.308,67190.49,0.01,3.0808,-0.0001
2026-03-01 15:43:28.410,67190.49,0.01,3.0808,-0.0001
2026-03-01 15:43:28.508,67190.49,0.01,3.0645,-0.0056
2026-03-01 15:43:28.609,67190.49,0.01,3.0643,-0.0055
2026-03-01 15:43:28.708,67190.49,0.01,3.0643,-0.0055
2026-03-01 15:43:28.807,67190.49,0.01,3.0643,-0.0055
2026-03-01 15:43:28.907,67190.49,0.01,3.0643,-0.0055
2026-03-01 15:43:29.007,67190.49,0.01,3.0643,-0.0055
2026-03-01 15:43:29.107,67190.49,0.01,3.0643,-0.0055
2026-03-01 15:43:29.208,67190.49,0.01,3.0643,-0.0055
2026-03-01 15:43:29.308,67190.49,0.01,3.0643,-0.0055
2026-03-01 15:43:29.411,67190.49,0.01,3.0643,-0.0055
2026-03-01 15:43:29.508,67190.49,0.01,3.0641,-0.0055
2026-03-01 15:43:29.609,67190.49,0.01,3.0641,-0.0055
2026-03-01 15:43:29.709,67190.49,0.01,3.0642,-0.0055
2026-03-01 15:43:29.808,67190.49,0.01,3.0476,0.0001
2026-03-01 15:43:29.908,67190.49,0.01,3.0476,0.0001
2026-03-01 15:43:30.008,67190.49,0.01,3.045,-0.0008
2026-03-01 15:43:30.107,67190.49,0.01,3.045,-0.0008
2026-03-01 15:43:30.258,67190.49,0.01,3.045,-0.0008
2026-03-01 15:43:30.343,67190.49,0.01,3.045,-0.0008
2026-03-01 15:43:30.424,67190.49,0.01,3.0448,-0.0008
2026-03-01 15:43:30.508,67190.49,0.01,3.0448,-0.0008
2026-03-01 15:43:30.608,67190.49,0.01,3.0367,0.002
2026-03-01 15:43:30.708,67190.49,0.01,3.0352,0.0025
2026-03-01 15:43:30.807,67190.49,0.01,3.0352,0.0025
2026-03-01 15:43:30.908,67190.49,0.01,3.1467,-0.034
2026-03-01 15:43:31.008,67190.49,0.01,3.1119,-0.0465
2026-03-01 15:43:31.108,67190.49,0.01,3.1119,-0.0465
2026-03-01 15:43:31.208,67190.49,0.01,3.1061,-0.0447
2026-03-01 15:43:31.308,67190.49,0.01,3.1061,-0.0447
2026-03-01 15:43:31.411,67190.49,0.01,3.1061,-0.0447
2026-03-01 15:43:31.508,67190.49,0.01,2.0993,-0.6751
2026-03-01 15:43:31.608,67187.83,0.01,4.4961,-0.9945
2026-03-01 15:43:31.708,67187.83,0.01,4.534,-0.9889
2026-03-01 15:43:31.808,67187.83,0.01,3.8628,-0.9845
2026-03-01 15:43:31.912,67187.83,0.01,3.8678,-0.9833
2026-03-01 15:43:32.007,67187.83,0.01,3.8678,-0.9833
2026-03-01 15:43:32.108,67187.83,0.01,3.8653,-0.9909
2026-03-01 15:43:32.207,67187.83,0.01,3.8656,-0.9908
2026-03-01 15:43:32.309,67187.83,0.01,3.8656,-0.9908
2026-03-01 15:43:32.408,67187.83,0.01,3.8656,-0.9908
2026-03-01 15:43:32.507,67187.83,0.01,3.8656,-0.9908
2026-03-01 15:43:32.608,67187.83,0.01,4.2497,-0.9917
2026-03-01 15:43:32.710,67187.83,0.01,4.6212,-0.9947
2026-03-01 15:43:32.808,67187.83,0.01,4.6214,-0.9947
2026-03-01 15:43:32.908,67187.83,0.01,4.62,-0.9948
2026-03-01 15:43:33.008,67187.83,0.01,4.62,-0.9948
2026-03-01 15:43:33.108,67187.83,0.01,4.62,-0.9948
2026-03-01 15:43:33.207,67187.83,0.01,4.62,-0.9948
2026-03-01 15:43:33.308,67187.83,0.01,4.62,-0.9948
2026-03-01 15:43:33.407,67187.83,0.01,4.62,-0.9948
2026-03-01 15:43:33.507,67187.83,0.01,4.62,-0.9948
2026-03-01 15:43:33.609,67187.83,0.01,4.62,-0.9948
2026-03-01 15:43:33.708,67187.83,0.01,4.62,-0.9948
2026-03-01 15:43:33.808,67187.83,0.01,4.5699,-0.9948
2026-03-01 15:43:33.908,67187.83,0.01,4.8624,-0.9948
2026-03-01 15:43:34.008,67187.83,0.01,4.6921,-0.9908
2026-03-01 15:43:34.108,67186.61,0.01,5.427,-0.9345
2026-03-01 15:43:34.208,67186.61,0.01,4.9721,-0.9292
2026-03-01 15:43:34.309,67186.61,0.01,4.9728,-0.9291
2026-03-01 15:43:34.408,67186.61,0.01,4.8727,-0.974
2026-03-01 15:43:34.508,67186.61,0.01,4.8727,-0.974
2026-03-01 15:43:34.608,67186.61,0.01,4.8799,-0.9732
2026-03-01 15:43:34.708,67186.61,0.01,4.8803,-0.9731
2026-03-01 15:43:34.808,67186.61,0.01,4.7877,-0.973
2026-03-01 15:43:34.908,67186.61,0.01,4.7845,-0.9735
2026-03-01 15:43:35.008,67186.61,0.01,4.7846,-0.9729
2026-03-01 15:43:35.108,67186.61,0.01,4.9515,-0.9746
2026-03-01 15:43:35.208,67186.61,0.01,5.1649,-0.9763
2026-03-01 15:43:35.309,67186.61,0.01,5.1668,-0.9764
2026-03-01 15:43:35.411,67186.61,0.01,5.1647,-0.9752
2026-03-01 15:43:35.508,67186.61,0.01,5.1648,-0.9752
2026-03-01 15:43:35.608,67186.61,0.01,5.1648,-0.9752
2026-03-01 15:43:35.709,67186.61,0.01,5.1648,-0.9752
2026-03-01 15:43:35.808,67186.61,0.01,5.1648,-0.9752
2026-03-01 15:43:35.909,67186.61,0.01,5.1648,-0.9752
2026-03-01 15:43:36.008,67186.61,0.01,5.1648,-0.9752
2026-03-01 15:43:36.109,67186.61,0.01,5.1648,-0.9752
2026-03-01 15:43:36.208,67186.61,0.01,5.1648,-0.9752
2026-03-01 15:43:36.310,67186.61,0.01,5.1648,-0.9752
2026-03-01 15:43:36.413,67186.61,0.01,5.2648,-0.9311
2026-03-01 15:43:36.511,67186.61,0.01,5.2648,-0.931
2026-03-01 15:43:36.608,67186.61,0.01,5.2648,-0.931
2026-03-01 15:43:36.711,67186.61,0.01,5.2648,-0.931
2026-03-01 15:43:36.808,67186.61,0.01,5.2648,-0.931
2026-03-01 15:43:36.909,67186.61,0.01,5.1637,-0.9755
2026-03-01 15:43:37.008,67186.61,0.01,5.1637,-0.9755
2026-03-01 15:43:37.108,67186.61,0.01,5.1637,-0.9755
2026-03-01 15:43:37.209,67186.61,0.01,5.1637,-0.9755
2026-03-01 15:43:37.308,67186.61,0.01,5.1763,-0.9756
2026-03-01 15:43:37.408,67186.61,0.01,5.2768,-0.9312
2026-03-01 15:43:37.508,67186.61,0.01,5.2768,-0.9312
2026-03-01 15:43:37.608,67186.61,0.01,5.1756,-0.9756
2026-03-01 15:43:37.708,67186.61,0.01,5.1756,-0.9756
2026-03-01 15:43:37.808,67178.08,0.01,5.0215,-0.9963
2026-03-01 15:43:37.911,67178.08,0.01,3.8334,-0.8045
2026-03-01 15:43:38.008,67178.08,0.01,3.0608,-0.7672
2026-03-01 15:43:38.109,67178.08,0.01,3.1008,-0.7705
2026-03-01 15:43:38.208,67178.08,0.01,3.0655,-0.7676
2026-03-01 15:43:38.309,67178.08,0.01,3.0737,-0.7682
2026-03-01 15:43:38.408,67178.08,0.01,2.9807,-0.7674
2026-03-01 15:43:38.511,67178.08,0.01,3.0739,-0.7751
2026-03-01 15:43:38.609,67178.08,0.01,3.0739,-0.7751
2026-03-01 15:43:38.709,67178.08,0.01,3.0739,-0.7751
2026-03-01 15:43:38.808,67178.08,0.01,3.0739,-0.7751
2026-03-01 15:43:38.908,67178.08,0.01,3.074,-0.775
2026-03-01 15:43:39.008,67178.08,0.01,3.074,-0.775
2026-03-01 15:43:39.108,67178.08,0.01,2.7408,-0.691
2026-03-01 15:43:39.209,67178.08,0.01,2.656,-0.5596
2026-03-01 15:43:39.308,67178.08,0.01,2.6631,-0.5604
2026-03-01 15:43:39.417,67178.08,0.01,2.6631,-0.5604
2026-03-01 15:43:39.508,67178.08,0.01,2.5629,-0.5419
2026-03-01 15:43:39.671,67178.08,0.01,2.6935,-0.5665
2026-03-01 15:43:39.742,67178.08,0.01,2.7007,-0.5672
2026-03-01 15:43:39.824,67178.08,0.01,2.6075,-0.5502
2026-03-01 15:43:39.907,67178.08,0.01,2.7007,-0.5672
2026-03-01 15:43:40.008,67178.08,0.01,2.7007,-0.5672
2026-03-01 15:43:40.109,67178.08,0.01,2.6996,-0.5677
2026-03-01 15:43:40.209,67178.08,0.01,2.6996,-0.5677
2026-03-01 15:43:40.308,67178.08,0.01,2.6879,-0.5656
2026-03-01 15:43:40.409,67178.08,0.01,2.6879,-0.5656
2026-03-01 15:43:40.508,67178.08,0.01,2.6879,-0.5675
2026-03-01 15:43:40.608,67178.08,0.01,2.628,-0.6068
2026-03-01 15:43:40.708,67178.08,0.01,2.628,-0.6068
2026-03-01 15:43:40.808,67178.08,0.01,2.628,-0.6068
2026-03-01 15:43:40.908,67178.08,0.01,2.588,-0.634
2026-03-01 15:43:41.008,67178.08,0.01,2.5268,-0.6242
2026-03-01 15:43:41.108,67178.08,0.01,2.5263,-0.6237
2026-03-01 15:43:41.208,67178.08,0.01,2.5245,-0.6234
2026-03-01 15:43:41.308,67178.08,0.01,2.5245,-0.6234
2026-03-01 15:43:41.408,67178.08,0.01,2.5286,-0.6204
2026-03-01 15:43:41.508,67178.08,0.01,2.5286,-0.6204
2026-03-01 15:43:41.608,67178.08,0.01,2.5286,-0.6204
2026-03-01 15:43:41.707,67178.08,0.01,2.5286,-0.6204
2026-03-01 15:43:41.807,67178.08,0.01,2.5286,-0.6204
2026-03-01 15:43:41.907,67178.08,0.01,2.5286,-0.6204
2026-03-01 15:43:42.014,67178.08,0.01,3.04,-0.6903
2026-03-01 15:43:42.138,67178.08,0.01,3.04,-0.6903
2026-03-01 15:43:42.212,67178.08,0.01,2.9285,-0.6775
2026-03-01 15:43:42.308,67178.08,0.01,2.9285,-0.6775
2026-03-01 15:43:42.407,67178.08,0.01,2.9285,-0.6775
2026-03-01 15:43:42.515,67178.08,0.01,2.9295,-0.6768
2026-03-01 15:43:42.607,67178.08,0.01,2.9295,-0.6768
2026-03-01 15:43:42.708,67178.08,0.01,3.041,-0.6897
2026-03-01 15:43:42.808,67178.08,0.01,2.9315,-0.6756
2026-03-01 15:43:42.908,67178.08,0.01,2.9315,-0.6756
2026-03-01 15:43:43.007,67178.08,0.01,3.043,-0.6885
2026-03-01 15:43:43.109,67178.08,0.01,3.0431,-0.6884
2026-03-01 15:43:43.208,67178.08,0.01,3.0169,-0.7044
2026-03-01 15:43:43.309,67178.08,0.01,3.0169,-0.7044
2026-03-01 15:43:43.408,67178.08,0.01,3.0169,-0.7044
2026-03-01 15:43:43.508,67178.08,0.01,3.0169,-0.7044
2026-03-01 15:43:43.608,67178.08,0.01,3.0169,-0.7044
2026-03-01 15:43:43.708,67178.08,0.01,3.0169,-0.7044
2026-03-01 15:43:43.807,67178.08,0.01,2.9054,-0.692
2026-03-01 15:43:43.908,67178.08,0.01,2.9043,-0.6927
2026-03-01 15:43:44.007,67178.08,0.01,2.9624,-0.6984
2026-03-01 15:43:44.108,67178.08,0.01,2.9624,-0.6984
2026-03-01 15:43:44.209,67178.08,0.01,2.9624,-0.6984
2026-03-01 15:43:44.308,67178.08,0.01,2.9624,-0.6984
2026-03-01 15:43:44.411,67178.08,0.01,3.0721,-0.7118
2026-03-01 15:43:44.507,67178.08,0.01,3.0721,-0.7118
2026-03-01 15:43:44.608,67178.08,0.01,3.0721,-0.7118
2026-03-01 15:43:44.708,67178.08,0.01,3.0722,-0.7118
2026-03-01 15:43:44.810,67178.08,0.01,3.0722,-0.7118
2026-03-01 15:43:44.908,67178.08,0.01,3.0722,-0.7118
2026-03-01 15:43:45.008,67178.08,0.01,3.0722,-0.7118
2026-03-01 15:43:45.107,67178.08,0.01,3.0722,-0.7118
2026-03-01 15:43:45.208,67178.08,0.01,3.0722,-0.7118
2026-03-01 15:43:45.308,67178.08,0.01,3.07,-0.7115
2026-03-01 15:43:45.408,67178.08,0.01,3.1195,-0.7165
2026-03-01 15:43:45.508,67178.08,0.01,3.1197,-0.7165
2026-03-01 15:43:45.607,67178.08,0.01,3.1197,-0.7165
2026-03-01 15:43:45.707,67178.08,0.01,3.1197,-0.7165
2026-03-01 15:43:45.808,67178.08,0.01,3.119,-0.7169
2026-03-01 15:43:45.908,67178.08,0.01,3.119,-0.7169
2026-03-01 15:43:46.008,67178.08,0.01,3.0075,-0.7055
2026-03-01 15:43:46.110,67178.08,0.01,3.0075,-0.7055
2026-03-01 15:43:46.208,67178.08,0.01,3.0075,-0.7055
2026-03-01 15:43:46.308,67178.08,0.01,2.9862,0.054
2026-03-01 15:43:46.409,67178.08,0.01,2.8218,0.0639
2026-03-01 15:43:46.508,67178.08,0.01,2.9243,0.1373
2026-03-01 15:43:46.608,67178.08,0.01,3.1726,0.0483
2026-03-01 15:43:46.707,67178.08,0.01,3.1726,0.0483
2026-03-01 15:43:46.808,67178.08,0.01,3.0411,0.0542
2026-03-01 15:43:46.908,67178.08,0.01,3.0411,0.0542
2026-03-01 15:43:47.008,67178.08,0.01,3.0384,0.0291
2026-03-01 15:43:47.108,67178.08,0.01,3.0384,0.0291
2026-03-01 15:43:47.209,67178.08,0.01,2.8809,-0.0249
2026-03-01 15:43:47.309,67178.08,0.01,2.8809,-0.0249
2026-03-01 15:43:47.408,67178.08,0.01,2.8809,-0.0249
2026-03-01 15:43:47.510,67178.08,0.01,2.8809,-0.0249
2026-03-01 15:43:47.607,67178.08,0.01,2.8809,-0.0249
2026-03-01 15:43:47.707,67178.08,0.01,2.8631,-0.0187
2026-03-01 15:43:47.807,67178.08,0.01,2.8629,-0.0187
2026-03-01 15:43:47.908,67178.08,0.01,2.8629,-0.0187
2026-03-01 15:43:48.007,67178.08,0.01,2.8514,-0.0146
2026-03-01 15:43:48.112,67178.08,0.01,2.8514,-0.0146
2026-03-01 15:43:48.209,67178.08,0.01,2.8514,-0.0146
2026-03-01 15:43:48.308,67178.08,0.01,2.8507,-0.0149
2026-03-01 15:43:48.409,67178.08,0.01,2.8507,-0.0149
2026-03-01 15:43:48.508,67178.08,0.01,2.8507,-0.0149
2026-03-01 15:43:48.608,67178.08,0.01,2.8507,-0.0149
2026-03-01 15:43:48.708,67178.08,0.01,2.8507,-0.0149
2026-03-01 15:43:48.808,67178.08,0.01,2.8507,-0.0149
2026-03-01 15:43:48.908,67178.08,0.01,2.8507,-0.0149
2026-03-01 15:43:49.009,67178.08,0.01,2.8507,-0.0149
2026-03-01 15:43:49.109,67178.08,0.01,2.8507,-0.0149
2026-03-01 15:43:49.208,67178.08,0.01,2.8496,-0.0146
2026-03-01 15:43:49.309,67178.08,0.01,2.7909,0.0066
2026-03-01 15:43:49.417,67178.08,0.01,2.7901,0.0063
2026-03-01 15:43:49.509,67178.08,0.01,2.7901,0.0063
2026-03-01 15:43:49.613,67178.08,0.01,2.7892,0.0067
2026-03-01 15:43:49.730,67178.08,0.01,2.8041,0.0012
2026-03-01 15:43:49.808,67178.08,0.01,2.8039,0.0013
2026-03-01 15:43:49.908,67178.08,0.01,2.8039,0.0013
2026-03-01 15:43:50.008,67178.08,0.01,2.8039,0.0013
2026-03-01 15:43:50.108,67178.08,0.01,2.7903,0.0061
2026-03-01 15:43:50.259,67178.08,0.01,2.7903,0.0061
2026-03-01 15:43:50.336,67178.08,0.01,2.7375,0.0259
2026-03-01 15:43:50.414,67178.08,0.01,2.7375,0.0259
2026-03-01 15:43:50.508,67178.08,0.01,2.7375,0.0259
2026-03-01 15:43:50.608,67178.08,0.01,2.7375,0.0259
2026-03-01 15:43:50.710,67178.08,0.01,2.7375,0.0259
2026-03-01 15:43:50.809,67178.08,0.01,2.7375,0.0259
2026-03-01 15:43:50.908,67178.08,0.01,2.7375,0.0259
2026-03-01 15:43:51.007,67178.08,0.01,2.7375,0.0259
2026-03-01 15:43:51.108,67178.08,0.01,2.7375,0.0259
2026-03-01 15:43:51.209,67178.08,0.01,2.7375,0.0259
2026-03-01 15:43:51.308,67178.08,0.01,2.7375,0.0259
2026-03-01 15:43:51.408,67178.08,0.01,2.58,0.0899
2026-03-01 15:43:51.508,67178.08,0.01,2.9279,-0.042
2026-03-01 15:43:51.608,67178.08,0.01,2.9279,-0.042
2026-03-01 15:43:51.708,67178.08,0.01,2.9279,-0.042
2026-03-01 15:43:51.808,67178.08,0.01,2.9279,-0.042
2026-03-01 15:43:51.907,67178.08,0.01,2.9247,-0.0423
2026-03-01 15:43:52.008,67178.08,0.01,2.9247,-0.0423
2026-03-01 15:43:52.108,67178.08,0.01,2.4637,0.1411
2026-03-01 15:43:52.208,67178.08,0.01,2.0334,0.4086
2026-03-01 15:43:52.310,67178.08,0.01,2.3107,0.4966
2026-03-01 15:43:52.408,67178.08,0.01,2.3094,0.4963
2026-03-01 15:43:52.510,67178.08,0.01,2.4192,0.5194
2026-03-01 15:43:52.609,67178.08,0.01,2.4242,0.5162
2026-03-01 15:43:52.709,67178.08,0.01,2.4133,0.5157
2026-03-01 15:43:52.808,67178.08,0.01,2.4051,0.5142
2026-03-01 15:43:52.908,67178.08,0.01,2.4034,0.5153
2026-03-01 15:43:53.017,67178.08,0.01,2.4031,0.5154
2026-03-01 15:43:53.109,67178.08,0.01,2.4034,0.5153
2026-03-01 15:43:53.208,67178.08,0.01,2.4033,0.5154
2026-03-01 15:43:53.309,67178.08,0.01,2.4031,0.5155
2026-03-01 15:43:53.408,67178.08,0.01,2.403,0.5155
2026-03-01 15:43:53.509,67178.08,0.01,2.403,0.5155
2026-03-01 15:43:53.611,67178.08,0.01,2.403,0.5155
2026-03-01 15:43:53.708,67178.08,0.01,2.403,0.5155
2026-03-01 15:43:53.810,67178.08,0.01,2.4033,0.5154
2026-03-01 15:43:53.909,67178.08,0.01,2.4032,0.5154
2026-03-01 15:43:54.008,67178.08,0.01,2.4032,0.5154
2026-03-01 15:43:54.108,67178.08,0.01,2.4041,0.5155
2026-03-01 15:43:54.209,67178.08,0.01,2.4043,0.5154
2026-03-01 15:43:54.313,67178.08,0.01,2.3843,0.5113
2026-03-01 15:43:54.409,67178.08,0.01,2.349,0.5039
2026-03-01 15:43:54.508,67178.08,0.01,2.3489,0.5039
2026-03-01 15:43:54.608,67178.08,0.01,2.3489,0.504
2026-03-01 15:43:54.709,67178.08,0.01,2.349,0.5039
2026-03-01 15:43:54.808,67178.08,0.01,2.349,0.5039
2026-03-01 15:43:54.908,67178.08,0.01,2.349,0.5039
2026-03-01 15:43:55.008,67178.08,0.01,2.349,0.5039
2026-03-01 15:43:55.108,67178.08,0.01,2.349,0.5039
2026-03-01 15:43:55.209,67178.08,0.01,2.349,0.5039
2026-03-01 15:43:55.310,67178.08,0.01,2.3505,0.5042
2026-03-01 15:43:55.409,67178.08,0.01,2.4216,0.5189
2026-03-01 15:43:55.508,67178.08,0.01,2.4218,0.5189
2026-03-01 15:43:55.609,67178.08,0.01,2.4284,0.5202
2026-03-01 15:43:55.710,67178.08,0.01,2.4283,0.5204
2026-03-01 15:43:55.813,67178.08,0.01,2.4282,0.5203
2026-03-01 15:43:55.909,67178.08,0.01,2.4282,0.5203
2026-03-01 15:43:56.008,67178.08,0.01,2.4282,0.5203
2026-03-01 15:43:56.108,67178.08,0.01,2.4282,0.5203
2026-03-01 15:43:56.208,67178.08,0.01,2.4278,0.5206
2026-03-01 15:43:56.308,67178.08,0.01,2.4278,0.5206
2026-03-01 15:43:56.409,67178.08,0.01,2.4278,0.5206
2026-03-01 15:43:56.509,67178.08,0.01,2.4278,0.5206
2026-03-01 15:43:56.609,67178.08,0.01,2.4269,0.5204
2026-03-01 15:43:56.709,67178.08,0.01,2.4266,0.5206
2026-03-01 15:43:56.808,67178.08,0.01,2.4265,0.5206
2026-03-01 15:43:56.908,67178.08,0.01,2.4265,0.5206
2026-03-01 15:43:57.009,67178.08,0.01,2.4265,0.5206
2026-03-01 15:43:57.108,67178.08,0.01,2.4265,0.5206
2026-03-01 15:43:57.208,67178.08,0.01,2.4265,0.5206
2026-03-01 15:43:57.308,67178.08,0.01,2.4265,0.5206
2026-03-01 15:43:57.412,67178.08,0.01,2.4258,0.5211
2026-03-01 15:43:57.509,67178.08,0.01,2.4258,0.5211
2026-03-01 15:43:57.609,67178.08,0.01,2.4258,0.5211
2026-03-01 15:43:57.709,67178.08,0.01,2.4258,0.5211
2026-03-01 15:43:57.808,67178.08,0.01,2.4258,0.5211
2026-03-01 15:43:57.909,67178.08,0.01,2.4258,0.5211
2026-03-01 15:43:58.008,67178.08,0.01,2.4258,0.5211
2026-03-01 15:43:58.108,67178.08,0.01,2.4258,0.5211
2026-03-01 15:43:58.209,67178.08,0.01,2.4258,0.5211
2026-03-01 15:43:58.311,67178.08,0.01,2.4258,0.5211
2026-03-01 15:43:58.407,67178.08,0.01,2.396,0.5402
2026-03-01 15:43:58.508,67178.08,0.01,2.396,0.5402
2026-03-01 15:43:58.608,67178.08,0.01,2.396,0.5402
2026-03-01 15:43:58.708,67178.08,0.01,2.3959,0.5401
2026-03-01 15:43:58.807,67178.08,0.01,2.3936,0.5397
2026-03-01 15:43:58.908,67178.08,0.01,2.3938,0.5397
2026-03-01 15:43:59.008,67178.08,0.01,2.3938,0.5397
2026-03-01 15:43:59.110,67178.08,0.01,2.3936,0.5398
2026-03-01 15:43:59.209,67178.08,0.01,2.3936,0.5398
2026-03-01 15:43:59.308,67178.08,0.01,2.4084,0.5302
2026-03-01 15:43:59.414,67178.08,0.01,2.2685,0.5009
2026-03-01 15:43:59.508,67178.08,0.01,2.2688,0.5009
2026-03-01 15:43:59.608,67178.08,0.01,2.2688,0.5009
2026-03-01 15:43:59.708,67178.08,0.01,2.268,0.5014
2026-03-01 15:43:59.808,67178.08,0.01,2.268,0.5014
2026-03-01 15:43:59.908,67178.08,0.01,2.268,0.5014
2026-03-01 15:44:00.008,67178.08,0.01,2.268,0.5014
2026-03-01 15:44:00.109,67178.08,0.01,2.2666,0.5011
2026-03-01 15:44:00.210,67178.08,0.01,2.2666,0.5011
2026-03-01 15:44:00.309,67181.39,0.01,4.5392,0.9971
2026-03-01 15:44:00.410,67182.79,0.01,5.9248,0.9991
2026-03-01 15:44:00.509,67182.79,0.01,5.828,0.9992
2026-03-01 15:44:00.608,67182.79,0.01,5.6702,0.9991
2026-03-01 15:44:00.708,67182.79,0.01,5.847,0.9991
2026-03-01 15:44:00.808,67182.79,0.01,5.711,0.9991
2026-03-01 15:44:00.909,67182.79,0.01,5.5523,0.9991
2026-03-01 15:44:01.009,67182.79,0.01,5.5541,0.9992
2026-03-01 15:44:01.108,67182.79,0.01,5.594,0.9992
2026-03-01 15:44:01.209,67182.79,0.01,5.594,0.9992
2026-03-01 15:44:01.310,67182.79,0.01,5.5943,0.9991
2026-03-01 15:44:01.409,67182.79,0.01,5.5943,0.9991
2026-03-01 15:44:01.508,67182.79,0.01,5.5943,0.9991
2026-03-01 15:44:01.609,67182.79,0.01,4.974,0.9509
2026-03-01 15:44:01.709,67182.79,0.01,4.5113,0.9419
2026-03-01 15:44:01.809,67182.79,0.01,4.5114,0.9419
2026-03-01 15:44:01.909,67182.79,0.01,4.374,0.9378
2026-03-01 15:44:02.030,67182.79,0.01,4.4105,0.921
2026-03-01 15:44:02.108,67182.79,0.01,4.4107,0.921
2026-03-01 15:44:02.207,67182.79,0.01,4.4107,0.921
2026-03-01 15:44:02.309,67182.79,0.01,4.4107,0.921
2026-03-01 15:44:02.409,67182.79,0.01,4.4075,0.9226
2026-03-01 15:44:02.513,67182.79,0.01,4.3997,0.9224
2026-03-01 15:44:02.609,67182.79,0.01,4.2952,0.9207
2026-03-01 15:44:02.709,67182.79,0.01,4.2952,0.9207
2026-03-01 15:44:02.809,67182.79,0.01,4.2952,0.9207
2026-03-01 15:44:02.909,67182.79,0.01,4.4067,0.923
2026-03-01 15:44:03.009,67182.79,0.01,4.3737,0.9395
2026-03-01 15:44:03.109,67182.79,0.01,4.3737,0.9395
2026-03-01 15:44:03.208,67182.79,0.01,4.3737,0.9395
2026-03-01 15:44:03.308,67182.79,0.01,4.3749,0.9389
2026-03-01 15:44:03.411,67182.79,0.01,4.1256,0.9185
2026-03-01 15:44:03.511,67182.79,0.01,4.1156,0.9183
2026-03-01 15:44:03.608,67182.79,0.01,4.1156,0.9183
2026-03-01 15:44:03.708,67182.79,0.01,4.0856,0.9176
2026-03-01 15:44:03.808,67182.79,0.01,4.0856,0.9176
2026-03-01 15:44:03.909,67182.79,0.01,4.1225,0.9929
2026-03-01 15:44:04.008,67182.79,0.01,4.2623,0.9932
2026-03-01 15:44:04.108,67182.79,0.01,4.2725,0.9931
2026-03-01 15:44:04.208,67182.79,0.01,4.4477,0.9935
2026-03-01 15:44:04.309,67188.49,0.01,5.2194,0.2261
2026-03-01 15:44:04.414,67188.49,0.01,2.6518,0.1332
2026-03-01 15:44:04.508,67188.49,0.01,2.6513,0.1677
2026-03-01 15:44:04.610,67188.49,0.01,2.6518,0.1677
2026-03-01 15:44:04.708,67188.49,0.01,2.6519,0.1774
2026-03-01 15:44:04.810,67188.49,0.01,2.6574,0.1788
2026-03-01 15:44:04.908,67188.49,0.01,2.4997,0.1142
2026-03-01 15:44:05.008,67188.49,0.01,2.4997,0.1142
2026-03-01 15:44:05.108,67188.49,0.01,2.5168,0.1055
2026-03-01 15:44:05.208,67188.49,0.01,2.5133,0.1073
2026-03-01 15:44:05.309,67188.49,0.01,2.5133,0.1073
2026-03-01 15:44:05.410,67188.49,0.01,2.4812,0.1223
2026-03-01 15:44:05.509,67188.49,0.01,2.4816,0.1322
2026-03-01 15:44:05.613,67188.49,0.01,2.4816,0.1322
2026-03-01 15:44:05.709,67188.49,0.01,2.4816,0.1322
2026-03-01 15:44:05.808,67188.49,0.01,2.4814,0.1322
2026-03-01 15:44:05.912,67188.49,0.01,1.7686,0.7139
2026-03-01 15:44:06.008,67188.49,0.01,1.4792,0.979
2026-03-01 15:44:06.108,67188.49,0.01,1.4784,0.9793
2026-03-01 15:44:06.208,67188.49,0.01,1.6185,0.9812
2026-03-01 15:44:06.310,67188.49,0.01,1.6185,0.9811
2026-03-01 15:44:06.408,67188.49,0.01,1.7356,0.8567
2026-03-01 15:44:06.508,67188.49,0.01,1.7242,0.8555
2026-03-01 15:44:06.608,67188.49,0.01,1.6329,0.8473
2026-03-01 15:44:06.707,67188.49,0.01,1.6433,0.9713
2026-03-01 15:44:06.808,67188.49,0.01,1.8241,0.6383
2026-03-01 15:44:06.909,67188.49,0.01,2.3557,0.1476
2026-03-01 15:44:07.008,67188.49,0.01,2.3538,0.1469
2026-03-01 15:44:07.108,67188.49,0.01,2.3538,0.1469
2026-03-01 15:44:07.208,67188.49,0.01,2.3538,0.1469
2026-03-01 15:44:07.309,67188.49,0.01,2.353,0.1466
2026-03-01 15:44:07.409,67188.49,0.01,2.353,0.1466
2026-03-01 15:44:07.509,67188.49,0.01,2.353,0.1466
2026-03-01 15:44:07.608,67188.49,0.01,2.353,0.1466
2026-03-01 15:44:07.710,67188.49,0.01,2.353,0.1466
2026-03-01 15:44:07.809,67188.49,0.01,2.353,0.1466
2026-03-01 15:44:07.910,67188.49,0.01,2.3523,0.1469
2026-03-01 15:44:08.009,67188.49,0.01,2.3521,0.1471
2026-03-01 15:44:08.110,67188.49,0.01,2.3521,0.1471
2026-03-01 15:44:08.209,67188.49,0.01,2.3521,0.1471
2026-03-01 15:44:08.309,67188.49,0.01,2.352,0.1471
2026-03-01 15:44:08.409,67188.49,0.01,2.352,0.1471
2026-03-01 15:44:08.509,67188.49,0.01,2.352,0.1471
2026-03-01 15:44:08.608,67188.49,0.01,2.352,0.1471
2026-03-01 15:44:08.708,67188.49,0.01,2.344,0.1442
2026-03-01 15:44:08.808,67188.49,0.01,2.344,0.1442
2026-03-01 15:44:08.909,67188.49,0.01,2.344,0.1442
2026-03-01 15:44:09.008,67188.49,0.01,2.3441,0.1443
2026-03-01 15:44:09.108,67188.49,0.01,2.3439,0.1443
2026-03-01 15:44:09.208,67188.49,0.01,2.3498,0.0804
2026-03-01 15:44:09.309,67188.49,0.01,2.4196,-0.0764
2026-03-01 15:44:09.415,67188.49,0.01,2.3659,-0.0453
2026-03-01 15:44:09.509,67188.49,0.01,2.3667,-0.0456
2026-03-01 15:44:09.610,67188.49,0.01,2.3666,-0.0457
2026-03-01 15:44:09.709,67188.49,0.01,2.3668,-0.0456
2026-03-01 15:44:09.808,67188.49,0.01,2.3668,-0.0456
2026-03-01 15:44:09.908,67188.49,0.01,2.3668,-0.0456
2026-03-01 15:44:10.008,67188.49,0.01,2.3666,-0.0455
2026-03-01 15:44:10.177,67188.49,0.01,2.4781,-0.0895
2026-03-01 15:44:10.254,67188.49,0.01,2.4781,-0.0895
2026-03-01 15:44:10.334,67188.49,0.01,2.0312,-0.3806
2026-03-01 15:44:10.413,67188.49,0.01,2.0312,-0.3811
2026-03-01 15:44:10.509,67188.49,0.01,1.9309,-0.3479
2026-03-01 15:44:10.611,67188.49,0.01,2.0349,-0.3823
2026-03-01 15:44:10.708,67188.49,0.01,2.0792,-0.3596
2026-03-01 15:44:10.808,67188.49,0.01,1.9496,-0.405
2026-03-01 15:44:10.908,67188.49,0.01,1.816,-0.6566
2026-03-01 15:44:11.010,67188.49,0.01,1.8154,-0.6564
2026-03-01 15:44:11.108,67188.49,0.01,1.8701,-0.5111
2026-03-01 15:44:11.208,67188.49,0.01,1.7401,-0.5288
2026-03-01 15:44:11.308,67188.49,0.01,2.0347,-0.2993
2026-03-01 15:44:11.409,67188.49,0.01,2.1579,-0.2917
2026-03-01 15:44:11.508,67188.49,0.01,2.1582,-0.3005
2026-03-01 15:44:11.611,67188.49,0.01,2.1581,-0.3005
2026-03-01 15:44:11.721,67188.49,0.01,2.1581,-0.3005
2026-03-01 15:44:11.809,67188.49,0.01,2.1583,-0.3004
2026-03-01 15:44:11.909,67188.49,0.01,2.1132,-0.2846
2026-03-01 15:44:12.010,67188.49,0.01,2.1132,-0.2846
2026-03-01 15:44:12.108,67188.49,0.01,2.2126,-0.2241
2026-03-01 15:44:12.209,67188.49,0.01,2.1664,-0.2067
2026-03-01 15:44:12.309,67188.49,0.01,2.2637,-0.0563
2026-03-01 15:44:12.409,67188.49,0.01,2.2636,-0.0562
2026-03-01 15:44:12.509,67188.49,0.01,2.4543,0.0302
2026-03-01 15:44:12.609,67188.49,0.01,2.4543,0.0302
2026-03-01 15:44:12.709,67188.49,0.01,2.4543,0.0302
2026-03-01 15:44:12.811,67188.49,0.01,2.4543,0.0302
2026-03-01 15:44:12.909,67188.49,0.01,2.4524,0.0294
2026-03-01 15:44:13.008,67188.49,0.01,2.4543,0.0302
2026-03-01 15:44:13.109,67188.49,0.01,2.4543,0.0302
2026-03-01 15:44:13.210,67188.49,0.01,2.4543,0.0302
2026-03-01 15:44:13.309,67188.49,0.01,2.107,-0.1843
2026-03-01 15:44:13.408,67188.49,0.01,2.2633,-0.242
2026-03-01 15:44:13.509,67188.49,0.01,2.2632,-0.2418
2026-03-01 15:44:13.610,67188.49,0.01,2.2632,-0.2418
2026-03-01 15:44:13.709,67188.49,0.01,2.2632,-0.2418
2026-03-01 15:44:13.809,67188.49,0.01,2.2632,-0.2418
2026-03-01 15:44:13.908,67188.49,0.01,2.2624,-0.2415
2026-03-01 15:44:14.008,67188.49,0.01,2.2644,-0.2422
2026-03-01 15:44:14.108,67188.49,0.01,2.2644,-0.2422
2026-03-01 15:44:14.208,67188.49,0.01,2.2644,-0.2422
2026-03-01 15:44:14.309,67188.49,0.01,2.2644,-0.2422
2026-03-01 15:44:14.409,67188.49,0.01,2.2643,-0.2421
2026-03-01 15:44:14.508,67188.49,0.01,2.264,-0.242
2026-03-01 15:44:14.609,67188.49,0.01,2.264,-0.242
2026-03-01 15:44:14.710,67188.49,0.01,2.2632,-0.2418
2026-03-01 15:44:14.808,67188.49,0.01,2.2632,-0.2418
2026-03-01 15:44:14.909,67188.49,0.01,2.2552,-0.239
2026-03-01 15:44:15.010,67188.49,0.01,2.2552,-0.239
2026-03-01 15:44:15.109,67188.49,0.01,2.2552,-0.239
2026-03-01 15:44:15.209,67188.49,0.01,2.2558,-0.2392
2026-03-01 15:44:15.309,67188.49,0.01,2.2547,-0.2395
2026-03-01 15:44:15.410,67188.49,0.01,2.2547,-0.2395
2026-03-01 15:44:15.510,67188.49,0.01,2.2539,-0.24
2026-03-01 15:44:15.611,67188.49,0.01,2.2537,-0.2399
2026-03-01 15:44:15.712,67188.49,0.01,2.2537,-0.2399
2026-03-01 15:44:15.808,67188.49,0.01,2.2537,-0.2399
2026-03-01 15:44:15.910,67188.49,0.01,2.4112,-0.1563
2026-03-01 15:44:16.008,67188.49,0.01,2.2537,-0.2399
2026-03-01 15:44:16.109,67188.49,0.01,2.2537,-0.2399
2026-03-01 15:44:16.212,67188.49,0.01,2.2531,-0.2397
2026-03-01 15:44:16.311,67188.49,0.01,2.2611,-0.2425
2026-03-01 15:44:16.408,67188.49,0.01,2.2611,-0.2425
2026-03-01 15:44:16.508,67188.49,0.01,2.2609,-0.2424
2026-03-01 15:44:16.608,67188.49,0.01,2.2609,-0.2424
2026-03-01 15:44:16.709,67188.49,0.01,2.2609,-0.2424
2026-03-01 15:44:16.809,67188.49,0.01,2.2609,-0.2424
2026-03-01 15:44:16.910,67188.49,0.01,2.2458,0.0641
2026-03-01 15:44:17.008,67188.49,0.01,2.4405,0.1243
2026-03-01 15:44:17.109,67188.49,0.01,2.4235,0.1137
2026-03-01 15:44:17.209,67188.49,0.01,2.5624,-0.1362
2026-03-01 15:44:17.308,67188.49,0.01,2.2099,-0.2875
2026-03-01 15:44:17.409,67188.49,0.01,2.2204,-0.3244
2026-03-01 15:44:17.508,67188.49,0.01,2.2204,-0.3243
2026-03-01 15:44:17.608,67188.49,0.01,2.2199,-0.3241
2026-03-01 15:44:17.708,67188.49,0.01,2.3702,-0.4152
2026-03-01 15:44:17.808,67188.49,0.01,2.3701,-0.4152
2026-03-01 15:44:17.909,67188.49,0.01,2.5359,-0.9181
2026-03-01 15:44:18.009,67188.49,0.01,3.9112,-0.9446
2026-03-01 15:44:18.109,67188.49,0.01,3.3223,-0.938
2026-03-01 15:44:18.208,67187.45,0.01,6.1638,-0.9994
2026-03-01 15:44:18.309,67184.08,0.01,4.6528,-0.9974
2026-03-01 15:44:18.410,67184.08,0.01,3.3379,-0.9593
2026-03-01 15:44:18.508,67184.08,0.01,3.5256,-0.9591
2026-03-01 15:44:18.608,67184.08,0.01,3.5423,-0.9593
2026-03-01 15:44:18.708,67184.08,0.01,3.0641,-0.9583
2026-03-01 15:44:18.809,67182.83,0.01,4.8425,-0.998
2026-03-01 15:44:18.909,67181.86,0.01,4.9319,-0.9967
2026-03-01 15:44:19.009,67181.77,0.01,3.4918,-0.9943
2026-03-01 15:44:19.110,67172.61,0.01,2.7152,-0.4705
2026-03-01 15:44:19.208,67172.61,0.01,2.3427,-0.398
2026-03-01 15:44:19.310,67172.61,0.01,2.438,-0.3474
2026-03-01 15:44:19.413,67172.61,0.01,2.1438,-0.3401
2026-03-01 15:44:19.508,67172.61,0.01,2.1558,-0.3325
2026-03-01 15:44:19.608,67172.61,0.01,2.1531,-0.3343
2026-03-01 15:44:19.710,67172.61,0.01,2.1072,-0.4729
2026-03-01 15:44:19.808,67172.61,0.01,2.1071,-0.473
2026-03-01 15:44:19.909,67172.61,0.01,2.1071,-0.473
2026-03-01 15:44:20.008,67172.61,0.01,2.1025,-0.4719
2026-03-01 15:44:20.110,67172.61,0.01,2.1029,-0.4717
2026-03-01 15:44:20.208,67172.61,0.01,2.0672,-0.4979
2026-03-01 15:44:20.311,67172.61,0.01,1.9559,-0.4683
2026-03-01 15:44:20.415,67172.61,0.01,1.7559,-0.6511
2026-03-01 15:44:20.509,67172.61,0.01,1.7266,-0.6798
2026-03-01 15:44:20.608,67172.61,0.01,1.8328,-0.6984
2026-03-01 15:44:20.708,67172.61,0.01,1.8317,-0.6994
2026-03-01 15:44:20.811,67172.61,0.01,1.8317,-0.6994
2026-03-01 15:44:20.909,67172.61,0.01,1.8317,-0.6994
2026-03-01 15:44:21.009,67172.61,0.01,1.8317,-0.6994
2026-03-01 15:44:21.108,67172.61,0.01,1.8317,-0.6995
2026-03-01 15:44:21.208,67172.61,0.01,1.8317,-0.6995
2026-03-01 15:44:21.310,67172.61,0.01,1.8317,-0.6995
2026-03-01 15:44:21.409,67172.61,0.01,1.8317,-0.6995
2026-03-01 15:44:21.508,67172.61,0.01,1.8313,-0.6998
2026-03-01 15:44:21.608,67172.61,0.01,1.7198,-0.6802
2026-03-01 15:44:21.709,67172.61,0.01,2.2119,-0.3632
2026-03-01 15:44:21.810,67172.61,0.01,2.212,-0.3631
2026-03-01 15:44:21.908,67172.61,0.01,2.306,-0.208
2026-03-01 15:44:22.009,67172.61,0.01,2.1895,-0.2143
2026-03-01 15:44:22.109,67172.61,0.01,2.081,-0.3261
2026-03-01 15:44:22.208,67172.61,0.01,1.9228,-0.4389
2026-03-01 15:44:22.309,67172.61,0.01,2.3408,-0.2433
2026-03-01 15:44:22.408,67172.61,0.01,2.174,-0.0245
2026-03-01 15:44:22.508,67172.61,0.01,2.2029,-0.0179
2026-03-01 15:44:22.608,67172.61,0.01,2.0681,-0.1074
2026-03-01 15:44:22.710,67172.61,0.01,2.2256,-0.0166
2026-03-01 15:44:22.808,67172.61,0.01,2.226,-0.0163
2026-03-01 15:44:22.909,67172.61,0.01,2.226,-0.0163
2026-03-01 15:44:23.009,67172.61,0.01,2.0685,0.0645
2026-03-01 15:44:23.108,67172.61,0.01,2.226,-0.0163
2026-03-01 15:44:23.208,67172.61,0.01,2.226,-0.0163
2026-03-01 15:44:23.310,67172.61,0.01,2.3375,-0.0665
2026-03-01 15:44:23.408,67172.61,0.01,2.3375,-0.0665
2026-03-01 15:44:23.508,67172.61,0.01,2.3377,-0.0665
2026-03-01 15:44:23.608,67172.61,0.01,2.1314,-0.1774
2026-03-01 15:44:23.708,67172.61,0.01,2.3553,-0.1182
2026-03-01 15:44:23.809,67172.61,0.01,2.2478,-0.1756
2026-03-01 15:44:23.908,67172.61,0.01,2.2456,-0.1769
2026-03-01 15:44:24.008,67172.61,0.01,2.2456,-0.1769
2026-03-01 15:44:24.109,67172.61,0.01,2.2456,-0.1769
2026-03-01 15:44:24.208,67172.61,0.01,2.2059,-0.181
2026-03-01 15:44:24.308,67172.61,0.01,2.3283,-0.2269
2026-03-01 15:44:24.414,67172.61,0.01,2.4137,-0.0947
2026-03-01 15:44:24.509,67172.61,0.01,2.5223,-0.1361
2026-03-01 15:44:24.608,67172.61,0.01,2.5242,-0.1368
2026-03-01 15:44:24.708,67172.61,0.01,2.4119,-0.0939
2026-03-01 15:44:24.811,67172.61,0.01,2.4119,-0.0939
2026-03-01 15:44:24.908,67172.61,0.01,2.5166,-0.1332
2026-03-01 15:44:25.008,67172.61,0.01,2.5243,-0.136
2026-03-01 15:44:25.108,67172.61,0.01,2.5243,-0.136
2026-03-01 15:44:25.209,67172.61,0.01,2.5243,-0.136
2026-03-01 15:44:25.310,67172.61,0.01,2.5243,-0.136
2026-03-01 15:44:25.411,67172.61,0.01,2.5243,-0.136
2026-03-01 15:44:25.509,67172.61,0.01,2.5243,-0.136
2026-03-01 15:44:25.608,67172.61,0.01,2.3669,-0.0746
2026-03-01 15:44:25.710,67172.61,0.01,2.0285,0.2318
2026-03-01 15:44:25.809,67172.61,0.01,1.8489,0.498
2026-03-01 15:44:25.908,67172.61,0.01,1.7209,0.8081
2026-03-01 15:44:26.009,67172.61,0.01,1.6338,0.9571
2026-03-01 15:44:26.108,67172.61,0.01,1.6515,0.8329
2026-03-01 15:44:26.209,67172.61,0.01,1.6511,0.8331
2026-03-01 15:44:26.309,67172.61,0.01,1.6511,0.8331
2026-03-01 15:44:26.408,67172.61,0.01,2.0515,0.9628
2026-03-01 15:44:26.516,67162.96,4.51,1.9778,-0.8952
2026-03-01 15:44:26.609,67160.71,0.01,2.689,-0.8975
2026-03-01 15:44:26.709,67160.71,0.01,2.5973,-0.8938
2026-03-01 15:44:26.809,67160.71,0.01,2.4857,-0.8884
2026-03-01 15:44:26.908,67160.71,0.01,2.5993,-0.8943
2026-03-01 15:44:27.009,67160.71,0.01,2.9406,-0.9028
2026-03-01 15:44:27.108,67160.71,0.01,2.7421,-0.9034
2026-03-01 15:44:27.208,67160.71,0.01,3.6766,-0.9204
2026-03-01 15:44:27.310,67160.71,0.01,3.6767,-0.9208
2026-03-01 15:44:27.408,67160.71,0.01,3.676,-0.9212
2026-03-01 15:44:27.509,67160.71,0.01,3.6474,-0.9255
2026-03-01 15:44:27.609,67160.71,0.01,3.6474,-0.9255
2026-03-01 15:44:27.711,67160.71,0.01,3.6899,-0.9
2026-03-01 15:44:27.809,67160.71,0.01,3.6899,-0.9
2026-03-01 15:44:27.908,67160.71,0.01,3.6892,-0.9005
2026-03-01 15:44:28.009,67160.71,0.01,3.6892,-0.9005
2026-03-01 15:44:28.108,67160.71,0.01,3.6892,-0.9005
2026-03-01 15:44:28.208,67160.71,0.01,3.6892,-0.9005
2026-03-01 15:44:28.308,67160.71,0.01,3.6892,-0.9005
2026-03-01 15:44:28.408,67160.71,0.01,3.6892,-0.9005
2026-03-01 15:44:28.508,67160.71,0.01,3.6892,-0.9005
2026-03-01 15:44:28.608,67160.71,0.01,3.6892,-0.9005
2026-03-01 15:44:28.708,67160.71,0.01,3.9077,-0.9696
2026-03-01 15:44:28.809,67160.71,0.01,3.9058,-0.9708
2026-03-01 15:44:28.908,67160.71,0.01,3.9058,-0.9708
2026-03-01 15:44:29.008,67160.71,0.01,3.907,-0.9701
2026-03-01 15:44:29.108,67160.71,0.01,3.9058,-0.9708
2026-03-01 15:44:29.208,67160.71,0.01,3.9058,-0.9708
2026-03-01 15:44:29.308,67160.71,0.01,3.9051,-0.9712
2026-03-01 15:44:29.409,67160.71,0.01,3.9063,-0.9705
2026-03-01 15:44:29.509,67160.71,0.01,3.9063,-0.9705
2026-03-01 15:44:29.615,67160.71,0.01,3.9043,-0.9705
2026-03-01 15:44:29.709,67160.71,0.01,3.9031,-0.9712
2026-03-01 15:44:29.809,67160.71,0.01,3.9013,-0.9723
2026-03-01 15:44:29.908,67160.71,0.01,3.6035,-0.9696
2026-03-01 15:44:30.008,67160.71,0.01,3.9006,-0.9722
2026-03-01 15:44:30.108,67160.71,0.01,3.9009,-0.9722
2026-03-01 15:44:30.246,67160.71,0.01,3.9009,-0.9723
2026-03-01 15:44:30.329,67160.71,0.01,3.8327,-0.9717
2026-03-01 15:44:30.409,67160.71,0.01,3.934,-0.9137
2026-03-01 15:44:30.508,67160.71,0.01,3.6364,-0.9055
2026-03-01 15:44:30.609,67160.71,0.01,3.6356,-0.9055
2026-03-01 15:44:30.709,67160.71,0.01,3.5343,-0.9688
2026-03-01 15:44:30.809,67160.71,0.01,3.5342,-0.9689
2026-03-01 15:44:30.908,67160.71,0.01,3.5342,-0.9689
2026-03-01 15:44:31.008,67160.71,0.01,3.5342,-0.9689
2026-03-01 15:44:31.108,67160.71,0.01,3.6249,-0.9706
2026-03-01 15:44:31.209,67160.71,0.01,3.6251,-0.9705
2026-03-01 15:44:31.309,67160.71,0.01,3.6676,-0.9065
2026-03-01 15:44:31.408,67160.71,0.01,3.6678,-0.9064
2026-03-01 15:44:31.511,67160.71,0.01,3.668,-0.9063
2026-03-01 15:44:31.608,67160.71,0.01,3.668,-0.9063
2026-03-01 15:44:31.708,67160.71,0.01,3.668,-0.9063
2026-03-01 15:44:31.808,67160.71,0.01,3.668,-0.9063
2026-03-01 15:44:31.909,67160.71,0.01,3.668,-0.9063
2026-03-01 15:44:32.008,67160.71,0.01,3.668,-0.9063
2026-03-01 15:44:32.109,67160.71,0.01,3.668,-0.9063
2026-03-01 15:44:32.208,67160.71,0.01,3.668,-0.9063
2026-03-01 15:44:32.310,67160.71,0.01,3.668,-0.9063
2026-03-01 15:44:32.408,67160.71,0.01,3.668,-0.9063
2026-03-01 15:44:32.509,67160.71,0.01,3.668,-0.9063
2026-03-01 15:44:32.608,67160.71,0.01,4.16,-0.9189
2026-03-01 15:44:32.710,67160.71,0.01,4.16,-0.9189
2026-03-01 15:44:32.809,67160.71,0.01,4.16,-0.9189
2026-03-01 15:44:32.908,67160.71,0.01,4.16,-0.9189
2026-03-01 15:44:33.008,67160.71,0.01,4.1585,-0.9197
2026-03-01 15:44:33.108,67160.71,0.01,4.1785,-0.9202
2026-03-01 15:44:33.208,67160.71,0.01,4.1785,-0.9202
2026-03-01 15:44:33.310,67160.71,0.01,4.1785,-0.9202
2026-03-01 15:44:33.410,67160.71,0.01,4.1808,-0.9202
2026-03-01 15:44:33.509,67160.71,0.01,4.1808,-0.9202
2026-03-01 15:44:33.608,67160.71,0.01,4.1808,-0.9202
2026-03-01 15:44:33.710,67160.71,0.01,4.1808,-0.9202
2026-03-01 15:44:33.808,67160.71,0.01,4.1808,-0.9202
2026-03-01 15:44:33.935,67160.71,0.01,4.1808,-0.9202
2026-03-01 15:44:34.010,67160.71,0.01,4.0953,-0.975
2026-03-01 15:44:34.111,67160.71,0.01,4.0948,-0.9753
2026-03-01 15:44:34.210,67160.71,0.01,4.093,-0.9763
2026-03-01 15:44:34.308,67160.71,0.01,4.093,-0.9763
2026-03-01 15:44:34.409,67160.71,0.01,4.3908,-0.9781
2026-03-01 15:44:34.509,67160.71,0.01,4.3981,-0.9774
2026-03-01 15:44:34.608,67160.71,0.01,4.3983,-0.9774
2026-03-01 15:44:34.709,67160.71,0.01,4.3975,-0.9778
2026-03-01 15:44:34.809,67160.71,0.01,4.3975,-0.9778
2026-03-01 15:44:34.910,67160.71,0.01,4.3975,-0.9778
2026-03-01 15:44:35.017,67160.71,0.01,4.4988,-0.9256
2026-03-01 15:44:35.111,67160.71,0.01,4.3974,-0.9778
2026-03-01 15:44:35.209,67160.71,0.01,4.3966,-0.979
2026-03-01 15:44:35.309,67160.71,0.01,4.3961,-0.9789
2026-03-01 15:44:35.410,67160.71,0.01,4.3961,-0.9789
2026-03-01 15:44:35.508,67160.71,0.01,5.0654,-0.9807
2026-03-01 15:44:35.608,67160.71,0.01,4.3958,-0.9783
2026-03-01 15:44:35.708,67160.71,0.01,4.3959,-0.979
2026-03-01 15:44:35.808,67160.71,0.01,4.3959,-0.979
2026-03-01 15:44:35.909,67160.71,0.01,4.3959,-0.979
2026-03-01 15:44:36.008,67160.71,0.01,4.3959,-0.979
2026-03-01 15:44:36.108,67160.71,0.01,4.3959,-0.979
2026-03-01 15:44:36.214,67160.71,0.01,4.3959,-0.979
2026-03-01 15:44:36.308,67160.71,0.01,4.3957,-0.979
2026-03-01 15:44:36.408,67160.71,0.01,4.3957,-0.979
2026-03-01 15:44:36.508,67160.71,0.01,4.3957,-0.979
2026-03-01 15:44:36.609,67160.71,0.01,4.3957,-0.979
2026-03-01 15:44:36.708,67160.71,0.01,4.3957,-0.979
2026-03-01 15:44:36.809,67160.71,0.01,4.3957,-0.979
2026-03-01 15:44:36.908,67160.71,0.01,4.3957,-0.979
2026-03-01 15:44:37.011,67160.71,0.01,4.3957,-0.979
2026-03-01 15:44:37.304,67160.71,0.01,4.4971,-0.9285
2026-03-01 15:44:37.304,67160.71,0.01,4.4971,-0.9285
2026-03-01 15:44:37.397,67160.71,0.01,4.4957,-0.9288
2026-03-01 15:44:37.492,67160.71,0.01,4.4957,-0.9288
2026-03-01 15:44:37.575,67160.71,0.01,4.4959,-0.9288
2026-03-01 15:44:37.645,67160.71,0.01,4.4959,-0.9288
2026-03-01 15:44:37.759,67160.71,0.01,4.4959,-0.9288
2026-03-01 15:44:37.870,67158.58,0.01,7.5751,-0.995
2026-03-01 15:44:38.001,67158.58,0.01,5.2123,-0.9733
2026-03-01 15:44:38.091,67158.58,0.01,4.8837,-0.9731
2026-03-01 15:44:38.173,67158.58,0.01,4.8838,-0.9732
2026-03-01 15:44:38.260,67158.58,0.01,4.8839,-0.9731
2026-03-01 15:44:38.351,67158.58,0.01,4.4734,-0.9236
2026-03-01 15:44:38.453,67158.58,0.01,4.3671,-0.9715
2026-03-01 15:44:38.540,67158.58,0.01,4.4688,-0.9227
2026-03-01 15:44:38.622,67158.58,0.01,4.3675,-0.9714
2026-03-01 15:44:38.709,67158.58,0.01,4.8796,-0.9747
2026-03-01 15:44:38.809,67158.58,0.01,4.8796,-0.9747
2026-03-01 15:44:38.908,67158.58,0.01,4.9312,-0.9733
2026-03-01 15:44:39.008,67158.58,0.01,4.9312,-0.9733
2026-03-01 15:44:39.109,67158.58,0.01,4.9305,-0.9733
2026-03-01 15:44:39.208,67158.58,0.01,4.9305,-0.9726
2026-03-01 15:44:39.313,67158.58,0.01,4.9352,-0.9726
2026-03-01 15:44:39.412,67158.58,0.01,4.9352,-0.9726
2026-03-01 15:44:39.508,67158.58,0.01,4.9352,-0.9726
2026-03-01 15:44:39.610,67158.58,0.01,4.9351,-0.9726
2026-03-01 15:44:39.719,67156.02,0.01,7.2417,-0.9897
2026-03-01 15:44:39.823,67153.9,0.01,3.4976,-0.997
2026-03-01 15:44:39.925,67153.9,0.01,3.748,-0.9884
2026-03-01 15:44:40.009,67153.9,0.01,3.6296,-0.9918
2026-03-01 15:44:40.114,67153.9,0.01,3.6299,-0.9918
2026-03-01 15:44:40.215,67153.9,0.01,3.6328,-0.9917
2026-03-01 15:44:40.340,67153.9,0.01,3.6346,-0.9924
2026-03-01 15:44:40.412,67153.9,0.01,3.6345,-0.9926
